2934 4966
616 538 736 609 rom
752 538 914 628 [xum]

605 662 788 715 TRAIANUS
805 664 932 717 PLINIO

250 778 438 863 Amisenos,
466 799 601 864 quorum
626 779 772 846 libellum
793 780 951 865 epistulae
972 784 1048 846 tuae
1073 779 1243 865 iunxeras,
1271 779 1300 845 si
1327 780 1368 845 le·
1410 780 1439 845 ,ἶ

164 880 260 967 gibus
282 881 434 965 istorum,
458 881 574 967 quibus
596 881 636 947 de
651 882 759 948 officio
780 883 919 949 foederis
934 887 1086 968 utuntur,
1110 903 1301 951 concessum
1322 887 1369 948 est
1436 908 1438 914 ¹

165 1005 299 1048 eranum
322 983 457 1066 habere,
480 1006 649 1068 possumus
672 1007 734 1071 quo
755 986 863 1051 minus
877 985 1020 1052 habeant
1041 1007 1109 1051 nou
1130 985 1305 1072 impedire,
1332 999 1388 1050 eo⁵
1436 1028 1439 1033 -

163 1085 309 1170 facilius,
333 1087 367 1172 ‚si
395 1086 455 1151 tali
479 1086 651 1153 collatione
674 1110 739 1152 non
762 1089 800 1153 ad
828 1089 940 1154 turbas
963 1093 996 1154 et
1018 1088 1059 1154 ad
1081 1087 1225 1154 inlicitos
1247 1091 1366 1171 coetus,
1437 1156 1440 1161 ,

164 1189 218 1253 sed
242 1189 283 1253 ad
306 1189 529 1254 sustinendam
551 1189 735 1255 tenuiorum
756 1191 900 1278 inopium
919 1195 1066 1257 utuntur.
1095 1191 1131 1255 in
1153 1191 1271 1256 ceteris
1294 1190 1367 1256 civi·

571 288 603 348 c.
625 288 725 349 enini
746 300 793 349 nr
814 290 961 351 reruni
1436 39 1450 659 ἕ

1436 666 1441 737 Ι

163 1291 302 1459 thqqibup,
332 1312 414 1459 qqae
436 1296 549 1357 nostro
570 1293 640 1358 iure
662 1293 838 1360 obstrictae
859 1298 953 1379 sunt,
980 1315 1032 1359 res
1059 1292 1156 1359 huius
1182 1293 1271 1359 modi
1298 1313 1365 1380 pro
1434 1322 1447 1405 q.

220 1415 262 1459 en
285 1415 304 1459 a
326 1415 386 1458 es.

618 1566 754 1635 noim.
779 1567 904 1654 [rou]
1376 1588 1397 1629 a
1436 1558 1447 1631 i

366 1724 369 1730 .
445 1686 476 1739 C.
496 1689 644 1743 PLINIUS
663 1690 823 1743 TRAIANO
842 1689 1071 1746 IIIPERA'I'ORI
1436 1690 1442 1719 '

133 1806 150 1870 1
246 1805 436 1873 Suetonium
466 1805 709 1893 Tranquillum,
742 1779 970 1893 probissimnm
1001 1805 1267 1874 honestissimum
1297 1824 1366 1871 eru·

161 1907 355 1973 ditissimum
376 1908 498 1993 virum,
529 1912 561 1973 et
583 1931 688 1975 mores
711 1911 779 1975 eius
801 1914 929 1977 secutus
953 1913 985 1977 et
1006 1909 1113 1976 studia
1141 1906 1364 1994 iampridem,
1438 1912 1441 1991 ζ

161 2011 289 2076 domine
297 2060 306 2094 ,
328 2012 363 2075 in
380 2011 626 2077 contubernium
641 2013 805 2098 adsumpsi
820 2016 976 2099 tantoque
990 2012 1096 2098 magis
1111 2011 1247 2097 diligere
1263 2011 1364 2096 coepi,

130 2113 283 2200 Tquauto
307 2111 418 2201 lhunc]
444 2115 575 2199 propius
597 2116 734 2202 inspexi.
766 2115 841 2181 huic
863 2116 913 2180 ius
939 2116 1038 2181 trium
1060 2113 1235 2179 liberorum
1256 2134 1364 2179 neces·
1378 2126 1400 2166 1⁵
1445 2099 1450 2115 ⁸

160 2217 282 2282 sarium
296 2216 423 2281 faciunt
445 2217 527 2282 duae
542 2239 672 2284 causae:
696 2240 773 2284 narn
788 2221 821 2283 et
841 2217 960 2283 iudicia
975 2217 1150 2283 amicorum
1163 2220 1366 2303 promeretur

161 2323 194 2385 et
215 2340 330 2405 parum
351 2318 431 2384 felix
440 2313 690 2386 'matrimonium
712 2325 865 2406 expertus
887 2323 937 2387 esi
958 2319 1263 2406 impetrandumque
1278 2339 1298 2383 a
1313 2318 1367 2383 bo·
1435 2376 1438 2386 .

160 2422 266 2488 nitate
289 2426 346 2488 tua
361 2445 419 2509 per
440 2444 500 2488 nos
515 2423 616 2490 habet
630 2424 715 2509 quod
736 2423 785 2489 illi
807 2423 957 2489 fortunae
971 2416 1167 2509 malignitas
1179 2421 1365 2508 denegavit
1407 2434 1409 2438 ·

129 2525 244 2610 3scio,
268 2525 411 2610 domine,
436 2530 593 2612 quantum
614 2526 807 2592 beneficium
827 2529 954 2613 petam
984 2526 1040 2591 sed
1060 2528 1137 2611 peto
1158 2544 1179 2589 a
1200 2526 1252 2609 te,
1270 2522 1366 2589 cuius

160 2628 196 2694 iu
224 2629 373 2694 omnibus
404 2628 569 2695 desideriis
596 2631 677 2695 meis
706 2628 944 2716 indulgentiam
972 2629 1129 2713 experior.
1157 2630 1251 2712 potes
1279 2625 1396 2697 enims

160 2730 328 2818 colligere,
357 2736 479 2818 quanto
507 2754 603 2819 opere
626 2732 769 2818 cupiam,
798 2731 883 2818 quod
905 2753 972 2797 non
1000 2752 1148 2818 rogarem
1175 2730 1310 2839 alpsens,
1337 2728 1363 2793 si

158 2833 364 2900 mediocriter
386 2856 546 2919 cuperem.

626 3005 726 3074 xor.
752 3005 894 3093 [nom]

595 3128 779 3181 TRAIANUS
804 3127 930 3180 PLINIO

1425 3182 1429 3229 l

245 3246 349 3323 Quam
369 3266 467 3332 parce
489 3245 570 3311 haee
592 3246 749 3312 beneficia
770 3245 911 3311 tribuam
925 3243 1052 3329 utique,
1074 3242 1120 3306 mi
1142 3239 1290 3307 Secunde
1313 3249 1389 3307 cra-²⁵
1423 3234 1428 3347 Ι

158 3347 299 3433 tissime,
322 3347 436 3414 haeret
453 3348 530 3432 tibi,
554 3370 626 3414 cum
648 3348 747 3413 etiam
768 3347 804 3412 in
826 3350 942 3412 senato
962 3345 1131 3410 adfirmare
1148 3343 1275 3410 soleam
1296 3365 1359 3411 non
1422 3354 1427 3399 Ι

159 3453 332 3518 excessisse
354 3474 406 3517 me
429 3473 597 3517 numerum
619 3473 714 3538 quem
736 3449 822 3536 apud
848 3449 1081 3534 amplissimum
1100 3446 1250 3514 ordinem
1271 3447 1359 3513 suffe

160 3558 288 3620 ctumm
314 3555 396 3620 mihi
416 3556 582 3642 professus
609 3577 691 3620 sum.
721 3557 778 3619 tuo
805 3556 917 3618 tamen
944 3552 1100 3618 desiderio
1127 3549 1304 3635 subscripsi
1329 3551 1359 3614 et

159 3657 283 3725 dedisse
299 3680 350 3724 me
373 3659 423 3723 ius
444 3659 544 3724 trium
559 3657 731 3722 liberorum
747 3655 901 3734 Suetonio
916 3653 1106 3741 Tranquillo
1120 3674 1159 3740 ea
1174 3652 1358 3719 condicione

158 3782 222 3846 qua
244 3761 375 3826 adsuevi
397 3761 512 3826 referri
533 3761 569 3825 iu
592 3758 839 3825 commentarios
860 3779 948 3823 meos
969 3757 1058 3822 iussi.
1365 3760 1385 3801 ³

158 3952 363 3962 ——----—

226 4088 321 4140 xc111
339 4091 355 4140 4
373 4089 494 4155 ipsorum
514 4087 622 4138 Orellr'us
703 4089 850 4137 terarum
868 4085 1017 4137 Beroaldus
1035 4100 1052 4135 ι
1069 4086 1123 4138 Eia
1140 4084 1246 4136 nnmA
1313 4079 1353 4147 qui
1384 4112 1388 4121 ·

158 4157 248 4207 minus
266 4157 389 4209 habeant
407 4173 461 4207 nou
480 4157 612 4222 impedire
631 4156 654 4204 A
672 4170 725 4219 quo
744 4155 832 4204 minus
850 4154 957 4206 habeas
979 4155 1113 4222 Impedire
1130 4155 1278 4206 Calamus
1339 4149 1353 4197 6
1378 4189 1382 4196 -
1416 4160 1421 4229 2

160 4230 189 4275 et
205 4225 321 4278 illicItos
338 4242 356 4277 a
425 4226 508 4278 'ised
526 4243 574 4278 om.
594 4240 611 4273 a
881 4250 887 4258 ι
1415 4232 1420 4277 Ι

226 4294 498 4347 xcl1111ustrium
518 4294 665 4343 liberorum
686 4292 775 4342 amico
792 4291 864 4357 petit
882 4291 968 4343 .LX.
986 4294 1009 4342 A
1080 4295 1111 4345 19
1129 4288 1190 4357 sed]
1211 4288 1315 4357 quoda
1414 4286 1419 4377 j

158 4362 192 4410 ‘20
209 4365 277 4412 ineis
296 4365 484 4429 plenissimam
505 4361 702 4425 indulgentium
722 4374 738 4409 a
807 4358 892 4426 enirn}
914 4366 1007 4412 antoni
1027 4376 1044 4409 a
1413 4388 1417 4421 ς

227 4430 299 4481 XCV
317 4433 350 4482 ‘28
369 4434 511 4498 proicssns
530 4447 589 4480 sum
610 4432 753 4479 t'amnuens
771 4443 787 4478 ι
805 4432 1002 4495 protessuurA
1411 4438 1417 4559 q

1411 4594 1415 4659 i
