2934 4966
479 289 728 338 arrersuaanu
751 290 774 338 r.
798 285 822 335 s.
847 283 882 348 (a.
897 282 942 346 aa)
1271 274 1307 337 11

99 447 244 535 ritcrqne
266 449 301 512 et
320 445 381 511 tibi
411 445 551 520 veniam,
569 440 739 513 recusandi
767 443 888 510 laboris
916 447 950 510 et
976 443 1057 511 mibi
1082 439 1236 531 exigendi
1259 467 1310 510 ve·
1369 456 1371 461 ⁴

99 550 291 618 recundiaru
316 546 493 615 sustulisti.
537 571 615 614 nam
647 570 709 614 nec
735 569 788 612 me
819 545 931 614 timide
963 547 1012 613 uti
1040 547 1134 614 decet
1161 546 1341 633 eoquod?

99 655 246 721 oblatum
274 656 413 718 estnec
440 655 474 718 te
501 651 632 739 gravari
654 650 739 738 quod
766 649 993 736 depoposcisti.
1038 673 1105 716 non
1128 653 1311 717 esttamen

100 757 187 843 quod
209 756 251 822 ab
272 755 405 821 homine
427 755 586 821 desidioso
614 753 736 840 aliquid
757 752 833 819 novi
855 754 962 840 operis
985 757 1146 840 expectes.
1191 755 1311 840 petitu·

71 880 157 925 erus
179 881 250 924 sum
272 858 360 924 enim
382 861 420 923 ut
440 880 552 924 rursus
579 879 674 923 vaces
702 857 861 942 sermoni,
891 879 987 943 quem
1015 857 1101 943 apud
1128 857 1309 943 municipes

99 984 190 1030 meos
216 960 316 1027 habui
342 959 572 1027 bibliothecam
607 960 822 1029 dedicaturos.
868 961 1008 1028 memini.
1029 961 1157 1048 quidem
1184 964 1218 1027 te
1244 961 1340 1028 iamt
1445 987 1454 1000 -’

57 1094 61 1100 ’
99 1064 260 1152 quaedam
282 1062 466 1149 adnotasse,
490 1063 546 1130 sed
561 1062 775 1156 generaliter:
797 1061 870 1145 ideo
891 1087 981 1154 nune
1003 1087 1084 1152 rogo
1105 1069 1223 1147 utnon
1238 1066 1310 1131 tan·

95 1171 171 1242 tum
192 1166 398 1233 universitati
419 1167 488 1233 eius
510 1154 677 1251 adtendas,
699 1164 810 1233 rerum
831 1167 1129 1252 etiam‘particulas
1149 1190 1214 1254 qua
1227 1166 1311 1242 soles

98 1270 179 1335 lima
200 1269 414 1356 persequaris.
446 1271 509 1336 erit
524 1269 612 1336 enim
633 1272 667 1335 et
687 1264 763 1355 post
777 1262 1037 1364 emendationem
1059 1263 1326 1355 liberum'nobisx
1363 1318 1366 1321 -

57 1393 85 1435 ao
98 1373 152 1464 pel
184 1373 350 1459 publicare
381 1373 434 1439 rel
462 1374 641 1439 continere.
677 1373 891 1460 quinimmo
918 1373 1057 1459 fortasse
1085 1374 1172 1440 hanc
1203 1374 1339 1459 ipsamit

98 1476 342 1557 cunctationem
371 1479 518 1542 nostram
549 1477 587 1541 in
619 1475 810 1544 alterutram
832 1477 1040 1545 sententiam
1076 1477 1309 1545 emendationis

98 1580 184 1645 ratio
199 1580 345 1664 deducet,
370 1600 453 1666 quae
467 1582 525 1645 aut
538 1579 712 1665 indignum
727 1579 880 1669 editione,
892 1580 980 1656 dum
996 1581 1124 1666 saepius
1139 1582 1307 1666 retractat,

98 1683 257 1768 inveniet,
280 1687 340 1749 aut
361 1683 512 1770 dignum,
535 1682 612 1747 dum
634 1681 668 1747 id
690 1684 797 1768 ipsum
820 1679 997 1773 eripientur,
1023 1683 1154 1749 efficiet.
1190 1686 1340 1768 'quam-5

97 1807 198 1872 qnam
217 1783 312 1851 huius
335 1784 553 1852 cunctationis
574 1806 664 1851 meae
686 1806 801 1852 causae
823 1809 890 1852 non
912 1787 1036 1854 tam'in
1059 1785 1189 1872 scriptis
1211 1809 1308 1873 quam
1401 1858 1404 1863 ,

55 1911 82 1950 ra
98 1889 136 1954 in
158 1888 230 1975 ipso
252 1890 543 1974 materiaegeuere
559 1887 752 1955 consistunt.
784 1893 834 1955 cst
855 1890 942 1956 enim
957 1889 1053 1975 paulo
1076 1890 1168 1976 quasi
1191 1890 1308 1976 glorio·

97 1992 166 2057 sius
187 1994 222 2056 et
243 1988 376 2057 elatius:
405 1991 554 2056 onerabit
575 1991 637 2057 hoc
658 1991 850 2060 modestiam
871 1997 1034 2079 nostram,
1063 1993 1192 2063 etiamsi
1214 1993 1308 2062 stilus

96 2096 169 2180 ipse
190 2116 320 2180 pressus
335 2095 555 2180 demissusque
569 2093 678 2177 fuerit,
702 2099 875 2181 propterea
897 2096 979 2182 quod
1005 2097 1151 2181 cogimur
1173 2118 1246 2161 cum
1268 2095 1308 2162 de

95 2197 323 2288 munificentia
344 2202 517 2283 parentum
539 2201 724 2263 nostrorum
746 2201 817 2263 tum
840 2201 878 2264 de
900 2202 1013 2264 nostra
1036 2199 1212 2284 disputare.
1251 2201 1338 2267 aab

46 2346 49 2351 ι
98 2296 252 2386 cepsbio
274 2304 307 2366 et
328 2299 472 2369 lubricos
493 2300 583 2366 locus
606 2304 666 2384 est,
690 2301 885 2367 etiam-oum
907 2301 956 2367 illi
984 2303 1162 2368 necessitas
1190 2302 1308 2371 lenoci-

50 2426 81 2467 ao
96 2407 207 2494 natur.
252 2404 374 2492 etenim
395 2405 424 2470 si
451 2403 577 2470 alienae
603 2425 729 2490 quoquc
756 2404 866 2491 laudes
894 2428 1009 2491 parum
1036 2406 1147 2492 aequis
1177 2405 1308 2500 auribps

96 2506 203 2592 accipi
232 2496 355 2591 solent,
387 2528 484 2592 quam
512 2505 644 2572 difficile
675 2510 724 2572 est
752 2507 899 2574 obtinere
926 2530 969 2574 ne
996 2507 1133 2574 molesta
1160 2495 1309 2575 videatur

95 2609 202 2676 oratio
230 2609 270 2675 de
297 2630 332 2674 se
360 2613 418 2674 aut
446 2609 485 2674 de
512 2610 578 2698 suis
606 2609 820 2676 disserentis?
854 2634 933 2677 nam
963 2634 1036 2677 cum
1058 2612 1122 2698 ipsi
1143 2612 1308 2678 honestati

93 2716 167 2778 turn
200 2712 366 2798 aliquanto
396 2712 502 2798 magis
532 2713 657 2799 gloriae
691 2714 758 2781 eius
793 2703 1092 2801 praedicationique
1104 2715 1307 2805 ,invidemus

94 2818 195 2901 atque
215 2828 262 2881 ea
290 2814 418 2880 demum
445 2818 533 2881 recte
561 2815 652 2881 facta
678 2817 786 2882 minus
816 2818 1042 2906 detorquemus
1071 2822 1105 2883 et
1133 2819 1305 2904 carpimus,

48 2939 79 2980 ss
92 2939 180 3004 quae
201 2917 237 2983 in
259 2917 459 2984 obscuritate
482 2921 515 2983 et
536 2917 666 2984 silentio
688 2925 900 3006 reponuntur.
941 2943 1004 3006 qua
1028 2943 1066 2986 ex
1090 2943 1187 2988 causa
1208 2923 1336 3008 saepe?

91 3022 326 3107 ipsemecum,
349 3020 488 3089 nobisne
502 3024 643 3107 tantum,
666 3023 821 3109 quidquid
842 3027 892 3089 est
912 3024 1010 3108 istud,
1035 3026 1241 3110 conposuisse
1263 3048 1307 3091 an

93 3127 131 3190 et
153 3122 226 3188 aliis
249 3117 446 3189 debeamus?
476 3128 513 3190 ut
529 3124 635 3209 nobis,
661 3126 813 3192 admonet
834 3126 925 3212 illud,
949 3129 1033 3214 quod
1055 3127 1209 3213 pleraque
1223 3151 1306 3214 quae

92 3229 175 3292 sunt
196 3226 342 3312 agendae
363 3228 409 3292 rei
432 3229 616 3294 necessaria
637 3229 759 3294 eadem>
772 3234 906 3315 peracta
920 3252 981 3295 nce
996 3231 1173 3296 utilitatem
1193 3253 1307 3317 parem

92 3349 159 3395 neo
181 3328 322 3416 gratiam
343 3327 497 3396 retinent.
543 3353 581 3397 ac
602 3354 645 3397 ne
666 3333 796 3419 longius
825 3334 972 3418 exempla
999 3337 1200 3419 repetamus,
1230 3334 1336 3419 quid8

47 3454 80 3494 ao
93 3430 211 3497 utilius
232 3431 298 3496 fuit
319 3454 416 3518 quam
443 3433 684 3500 munificentiae
713 3437 873 3501 rationem
902 3437 1001 3500 etiam
1029 3436 1104 3501 stilo
1131 3438 1307 3523 prosequi?

91 3555 156 3620 per
175 3532 238 3600 boc
260 3534 347 3599 enirn
369 3534 640 3621 adsequebamur',
663 3538 804 3623 primum
826 3544 863 3605 ut
884 3538 1030 3604 honestis
1053 3539 1305 3625 cogitationibus

92 3637 340 3722 immoraremur,
364 3637 481 3704 deinde
502 3642 538 3704 ut
559 3639 835 3725 pulchritudinem
856 3641 986 3707 illarum
1001 3641 1149 3727 longiore
1164 3645 1306 3707 tractatu

166 3810 382 3878 bdeposcistir
450 3815 593 3878 baputv
673 3815 912 3879 dbybliotheeam
931 3816 987 3864 MV
1056 3817 1111 3866 iam
1132 3814 1237 3879 te'pr*
1308 3864 1310 3869 ,

93 3877 354 3932 'tadnotasaellv
372 3886 485 3933 notasse
507 3884 606 3945 rpra:
636 3884 671 3944 cf.
691 3883 742 3934 Ill
761 3888 840 3947 13,5
927 3887 942 3936 8
967 3899 1037 3949 quas
1060 3884 1133 3935 soles
1157 3885 1201 3948 Vp
1289 3888 1305 3937 9

92 3949 202 4001 linear
253 3951 303 3999 la
323 3949 463 4014 reducetp
534 3954 567 4000 13
584 3951 647 4001 dum
665 3957 693 4002 et
715 3953 836 4018 ipsumr
905 3952 1058 4018 experietur
1075 3955 1104 4003 lt
1174 3955 1205 4003 15
1224 3955 1306 4020 quasi

92 4033 144 4070 aaa.
161 4032 177 4081 p
248 4019 279 4067 16
297 4024 324 4067 et
341 4016 443 4069 elatius
460 4020 535 4068 MFr
554 4020 699 4070 Cataractes
716 4036 733 4069 a
751 4027 778 4070 et
796 4021 881 4072 latius
901 4022 947 4076 ug
964 4028 991 4070 ct
1011 4021 1115 4072 clarius
1133 4037 1149 4085 p
1237 4020 1301 4090 hoc]

93 4087 166 4137 baec
183 4088 238 4151 pr*
320 4089 351 4137 17
368 4087 465 4138 'fuerat
483 4103 593 4153 pressus
612 4088 801 4155 demissusque
819 4105 836 4138 a
917 4088 1102 4154 dimissusque
1122 4090 1245 4144 Bracara.
1264 4090 1305 4146 ai·

93 4156 236 4220 misusqne
253 4155 276 4202 V
363 4157 395 4206 19
413 4162 440 4205 et
459 4171 539 4209 oar.r
624 4157 669 4208 illi
686 4172 767 4209 om.r
852 4157 1029 4209 lenocinatur
1046 4159 1128 4207 ΗΠ
1147 4158 1269 4210 Hiccard.
1288 4175 1305 4210 a

92 4240 320 4303 lenocineturpr
389 4242 422 4291 20
440 4240 579 4292 alienasr
647 4244 679 4292 ⁶21
700 4244 824 4307 optinere
843 4245 925 4293 HV?
990 4260 1025 4294 ne
1044 4243 1157 4294 moleste
1174 4259 1189 4294 r·
1206 4245 1231 4294 N
1248 4262 1304 4296 mo·

93 4309 216 4360 lestarr
284 4311 406 4369 iteum]
428 4315 503 4360 eetr
572 4311 809 4376 23aliquandop
879 4314 1123 4363 ‘ledemumear
1175 4315 1304 4379 ‘adquia-

93 4376 162 4444 qnid
179 4375 324 4442 (quidquid
351 4393 420 4431 corr.
446 4379 576 4444 quicquid
599 4382 636 4442 Η)
665 4387 709 4430 est
731 4381 806 4430 istud
828 4382 934 4436 Ὴῖς
962 4380 1093 4445 quicquid
1117 4386 1159 4432 cst
1182 4380 1251 4432 illud
1269 4395 1305 4445 pr

43 4483 49 4491 .
93 4445 227 4512 quicquid
245 4445 315 4496 illud
334 4452 412 4496 esta
480 4450 513 4499 97
532 4450 708 4499 ammonet?
788 4448 857 4500 illud
877 4450 963 4512 (istud
979 4449 1007 4511 a)
1028 4464 1134 4514 quoque
1154 4450 1305 4514 qaoapsa

167 4515 199 4564 ’29
219 4529 253 4564 ae
271 4528 306 4564 ne
322 4515 351 4563 H
377 4513 525 4567 Beroaldus
542 4531 559 4566 a
587 4525 617 4567 at
638 4531 705 4567 ner
734 4524 783 4567 aut
800 4532 834 4567 ne
851 4520 908 4582 Fp:
937 4526 986 4568 ant
1003 4533 1038 4567 ue
1056 4518 1166 4582 lougius
1184 4522 1218 4571 al.
1236 4536 1302 4569 artari.
1347 4539 1350 4544 ·

93 4585 196 4636 deltam
212 4592 299 4636 aalma
316 4585 449 4649 scriptura
466 4586 490 4634 V
554 4587 588 4639 39
607 4584 704 4638 dehine
721 4601 736 4637 r
805 4592 903 4640 tractu
917 4601 935 4653 p
