2934 4966
191 280 235 346 84
717 288 749 339 G.
772 288 871 339 sunu

194 471 283 516 mum
304 444 426 514 credidi
440 444 554 511 eodem
567 444 626 510 illa
647 443 821 530 spatiosius
843 446 878 510 et
896 441 1029 510 uberius
1048 440 1219 509 volumine.
1232 439 1404 529 amplecti,

160 553 329 640 ltprimum
355 551 394 614 ut
419 547 608 634 imperatori
629 550 741 613 nostro
767 546 905 613 uirtutes
931 566 1009 613 suae
1030 544 1116 613 reris
1142 544 1293 613 laudibus
1315 566 1404 613 com·

190 653 438 736 mundarentur3
468 648 585 717 deinde
606 654 643 716 ut
663 650 768 717 futuri
788 649 953 737 principes
979 670 1049 717 non
1070 648 1163 736 quusi
1183 671 1205 715 a
1224 648 1400 737 magistro,

192 756 249 823 red
280 758 393 822 tamen
425 754 486 819 sub
516 753 663 840 exemplo
686 755 1087 840 praemonitumque
1112 750 1321 839 potissimum
1347 752 1402 819 via
1436 829 1439 832 ⁴

161 861 326 946 3possent
358 856 400 924 ad
432 857 568 924 eandem
600 856 739 943 gloriam
766 856 840 923 niti
875 878 954 923 nam
979 853 1168 943 praecipere
1194 852 1308 942 qualis·
1329 866 1429 921 esset

190 962 307 1029 debeat
316 961 469 1048 princeps
479 960 650 1047 pulchrum
662 948 802 1046 quidem,
815 959 1213 1045 sedonerosumacprope
1223 946 1403 1053 superbum
1445 975 1450 982 ·

191 1069 257 1150 est3
279 1064 411 1131 laudaro
432 1084 509 1129 uero
530 1062 688 1148 optimum
709 1062 892 1149 principem
919 1084 959 1129 ac
985 1082 1044 1147 per
1065 1060 1129 1129 boo
1148 1059 1288 1151 posteris
1310 1058 1403 1142 uelut

191 1190 209 1233 c
231 1168 362 1253 specula
384 1166 493 1232 lumen
515 1164 600 1251 quod
622 1168 799 1250 sequantur
820 1166 994 1233 ostendere·
1011 1164 1097 1231 idern
1110 1162 1264 1230 utilitatis
1284 1160 1400 1249 babet,

159 1270 404 1357 4adrogantiae
425 1266 519 1333 nihil.
551 1267 621 1353 cepi
637 1269 748 1334 autem
761 1288 829 1333 non
850 1268 1045 1337 mediocrem
1065 1267 1286 1354 voluptatem.
1299 1264 1401 1353 quod,

190 1372 278 1438 buno
299 1371 418 1438 librum
441 1392 514 1437 cum
536 1369 649 1436 amicis
670 1370 809 1437 recitare
830 1370 1017 1456 voluissem,
1043 1391 1114 1437 non
1140 1390 1200 1457 per
1220 1366 1402 1453 codicillos,
1416 1384 1446 1425 10-

187 1495 258 1540 non
284 1495 343 1560 per
369 1472 512 1558 libellos,
541 1473 598 1539 sed
619 1476 659 1538 ‘si
681 1472 904 1541 commodum''
923 1476 958 1541 et
986 1474 1028 1540 ‘si
1053 1472 1149 1541 ualde
1168 1472 1317 1539 noaret?
1345 1470 1417 1537 ud·'
1450 1504 1453 1509 ·

190 1576 308 1641 moniti
329 1574 520 1661 (numquam
542 1596 638 1661 porro
660 1578 718 1642 aut
738 1575 833 1642 valde
850 1581 951 1644 ‘vacat
971 1575 1095 1643 Romae
1116 1572 1404 1643 autcommodum

191 1682 242 1744 est
268 1678 380 1744 audire
406 1678 630 1763 recitantem),
663 1678 858 1745 foedissimis
885 1680 1020 1766 insuper
1039 1676 1305 1765 tempestatibus,
1340 1696 1404 1763 per

190 1780 323 1847 biduum
352 1782 588 1864 convenemnt,
623 1802 758 1867 cumque
790 1782 949 1849 modestia
980 1802 1054 1848 mea
1085 1780 1185 1848 finem
1202 1776 1403 1873 recitationi

121 1889 133 1942 s
160 1884 298 1954 bfacere
330 1883 500 1962 voluisset,
533 1884 571 1948 ut
602 1882 770 1949 adicerem·
796 1885 931 1967 tertium
967 1884 1053 1951 diem
1085 1886 1291 1973 exegerunt.-
1315 1881 1443 1975 mihist

52 2055 80 2063 ..
189 1986 277 2052 hunc
303 1984 460 2069 honorem
480 1984 630 2073 habitum
650 1987 773 2072 putem,
803 2008 846 2053 an
867 1986 1007 2053 studiis?
1040 1986 1156 2054 studiis
1182 1973 1290 2071 maloi
1314 2008 1402 2079 quae

161 2095 291 2176 6prope
325 2090 471 2156 extincta
503 2088 700 2154 refoventur.
737 2091 773 2153 ut
802 2090 854 2172 oui
888 2084 1046 2157 materiae
1072 2089 1159 2156 hanc
1190 2082 1403 2157 sedulitdtcm
1452 2096 1457 2105 '

190 2192 456 2280 praestiterunt?
480 2213 595 2278 nempe
610 2214 708 2279 quam
719 2192 755 2257 in
769 2201 886 2261 senatu
900 2214 1037 2279 quoque,
1053 2191 1110 2259 ubi
1123 2192 1252 2279 perpeti
1264 2180 1403 2259 necesso

108 2362 110 2368 ,
179 2298 276 2380 erat,
311 2295 443 2383 gravari
475 2299 587 2361 tamen
615 2295 667 2361 vel
693 2298 816 2381 puncto
844 2290 1000 2383 temporis
1026 2294 1225 2381 solebamus}
1250 2294 1403 2388 .eandem
1444 2384 1447 2389 Ι

190 2420 279 2464 nunc
301 2402 334 2465 et
357 2397 412 2485 qui
434 2396 572 2464 recitare
595 2399 628 2463 et
649 2396 706 2484 qui
720 2396 1070 2465 audire-triduovelint
1082 2392 1307 2484 inveniuntur,
1330 2387 1401 2465 nom
1413 2411 1441 2454 ω

128 2541 130 2544 -
191 2501 267 2586 quia
300 2500 502 2587 eloquentius
530 2521 626 2587 quam
654 2500 761 2586 prius,
794 2500 851 2566 sed
877 2501 953 2588 quia
979 2499 1114 2571 liberius
1140 2500 1276 2587 ideoque
1297 2500 1419 2587 ctiamj

162 2603 346 2678 Tlibentius
374 2603 536 2669 scribitur.
573 2602 704 2669 accedet
732 2624 810 2691 ergo
836 2603 899 2669 hou
920 2624 1052 2689 quoque
1067 2602 1402 2690 laudibusprinoipis

191 2706 310 2789 nostri,
335 2706 420 2793 quod
441 2727 493 2771 res
516 2708 613 2771 antea
635 2709 704 2772 tam
725 2705 832 2772 invisa
852 2728 950 2792 quam
970 2706 1056 2772 falsa
1077 2727 1167 2773 nunc
1193 2708 1231 2772 ut
1251 2726 1331 2772 vera
1351 2706 1412 2773 ita·

85 2879 87 2882 ,
160 2809 338 2883 8umabilis
360 2808 450 2874 facta
472 2812 531 2874 est.
562 2807 618 2874 sed
641 2830 702 2896 ego
725 2827 798 2875 curn
818 2809 961 2876 studium
987 2809 1190 2892 audientium
1216 2812 1295 2888 tum
1316 2807 1425 2875 iudi·'

192 2911 274 2977 cium
304 2912 384 2977 mire
413 2911 565 2998 probavi:
591 2912 807 2992 *animadverti
835 2913 922 2979 enim
948 2898 1152 2979 severissima
1179 2932 1326 2999 quaeque
1346 2911 1440 2978 vela

113 3073 119 3085 .
161 3015 330 3093 9maxime
358 3014 556 3081 sufisiaeere.
598 3004 733 3081 memini
759 3014 888 3102 quidem
919 3036 972 3081 me
1004 3036 1072 3082 non
1097 3015 1210 3083 multis
1241 3013 1401 3081 recitasse
1455 3037 1462 3050 ·

191 3115 276 3201 quod
296 3116 445 3183 omnibus
467 3117 598 3204 scripsi,
624 3117 728 3183 nihilo
749 3118 856 3183 minus
877 3121 1006 3205 tamen,
1028 3107 1197 3206 tamquam
1217 3116 1402 3211 sit-eadem

79 3254 81 3258 >
191 3218 335 3284 omnium
355 3218 466 3285 futura
487 3221 660 3305 sententia,
682 3219 745 3286 hac
767 3221 939 3317 severitate
961 3223 1087 3288 aurium
1107 3222 1228 3308 laetor,
1250 3241 1291 3287 ac
1312 3219 1403 3289 sicut

191 3318 270 3386 olim
290 3323 421 3388 theatra
442 3323 527 3388 male
553 3322 693 3389 musicos
716 3344 832 3390 canere
853 3324 1046 3411 docuerunt,
1067 3312 1122 3399 ira,
1136 3324 1284 3391 nuuc'in
1305 3314 1403 3413 spem

191 3422 334 3490 adducor
360 3447 454 3512 posse
481 3413 616 3493 fieriut
641 3426 754 3493 eadem
780 3426 911 3494 theatra
937 3426 1021 3494 bene
1044 3448 1160 3495 canere
1180 3426 1322 3495 musicos
1344 3426 1442 3495 dodo

193 3599 395 3611 ——.-——

209 3689 213 3698 “
261 3703 468 3769 luerberiusp
538 3705 720 3772 complectit
805 3706 975 3758 tutum
1042 3707 1230 3778 tuorum
1297 3707 1402 3775 dpos·

192 3825 256 3872 sent
272 3822 354 3872 uiar
422 3824 508 3875 oniti
525 3826 552 3875 in
569 3840 651 3891 aurp.
669 3825 731 3875 add.
750 3825 774 3874 V
825 3823 913 3876 elno
930 3826 1055 3892 prope!
1087 3791 1209 3894 ¹liber
1226 3826 1279 3879 hoo
1296 3828 1327 3878 11
1343 3825 1403 3895 bac

193 3905 243 3955 per
259 3889 311 3942 boc
328 3892 352 3940 1?
420 3892 603 3944 Sutilitash'
672 3892 871 3957 9adrogatiae
889 3894 946 3943 XV
1015 3897 1048 3946 10
1060 3895 1252 3948 codicelloal'
1322 3899 1354 3949 11
1374 3896 1403 3947 ai

148 3984 151 3989 ·
193 3957 364 4011 commodum
383 3968 459 4012 esset
478 3967 506 4012 et
525 3974 561 4017 τς
614 3961 744 4013 admonui
762 3963 817 4011 IV
871 3964 903 4012 12
922 3962 1070 4015 autuulde
1093 3980 1156 4017 raro
1174 3970 1313 4020 uacatrs
1366 3968 1403 4018 13

192 4026 308 4079 adirell
379 4032 412 4080 14
429 4027 499 4097 mea]
521 4047 556 4082 ea
574 4047 643 4083 corr.
660 4034 695 4082 al.
713 4048 779 4081 mun.
799 4031 901 4081 mear
978 4033 1179 4097 recitationep
1249 4035 1281 4085 lb
1301 4033 1402 4102 exige·

192 4097 295 4146 ruutV
364 4096 444 4166 milri]
465 4099 574 4150 uihill)
645 4101 677 4150 16
696 4099 979 4150 anstudiisblalor
1047 4100 1131 4152 mallo
1149 4103 1233 4152 UD
1302 4104 1336 4154 1‘1
1354 4099 1400 4168 at]
1450 4120 1456 4132 ·

193 4162 300 4214 adm
370 4168 401 4217 18
420 4166 515 4234 quam]
534 4171 662 4234 quamv
733 4167 1111 4222 recedensresidens
1132 4172 1218 4234 Dpra
1269 4170 1302 4220 21
1322 4171 1401 4224 ideo·
1441 4196 1448 4205 ·

193 4234 349 4293 quostiam
369 4237 459 4292 rnre
485 4237 548 4287 ideo
567 4238 651 4287 otiam
670 4239 725 4287 biv
751 4236 867 4301 ideoque
884 4250 924 4299 ps
1049 4241 1083 4290 22
1102 4239 1244 4290 acceditr
1364 4243 1402 4294 25

194 4300 376 4354 animaduerti
394 4307 479 4369 upra
497 4306 590 4356 anima
609 4305 644 4356 ad
663 4308 735 4357 uerti
752 4306 808 4354 MV
831 4304 941 4357 aduerti
959 4307 981 4355 F
1085 4309 1264 4359 seuerissima
1281 4307 1402 4373 ”psa

193 4368 336 4420 uerissima
354 4373 428 4423 HVr
496 4376 530 4424 26
549 4376 619 4425 satis
638 4374 760 4426 lacerem
778 4376 805 4423 11
875 4371 999 4442 memini]
1020 4392 1055 4427 ue
1074 4376 1205 4426 niminill
1273 4392 1330 4428 nou
1348 4394 1402 4430 orn.

192 4434 215 4483 D
267 4439 299 4488 2⁸1
318 4439 404 4491 nihilo
417 4443 507 4494 miuus
521 4459 680 4509 quanquam
691 4444 727 4495 sit
743 4459 758 4493 r
775 4441 864 4493 nihilo
881 4443 972 4493 minus
990 4452 1125 4510 tanquam
1138 4445 1176 4496 sit
1193 4456 1210 4500 ς
1262 4442 1312 4513 ait]
1333 4448 1359 4498 si
1377 4449 1403 4501 1

261 4507 294 4556 ⁶28
306 4505 371 4575 hac]
393 4525 426 4560 ac
444 4513 466 4560 ἲ
517 4515 551 4564 29
569 4512 642 4564 mole
661 4528 761 4564 canore
779 4513 900 4563 musicos
917 4511 1106 4576 docuemntp
1158 4508 1249 4582 spem]
1267 4516 1402 4583 speciep

259 4575 294 4625 30
311 4575 382 4628 beno
402 4581 520 4633 musicos
537 4598 640 4634 canere
658 4597 673 4632 r
