<?xml version="1.0" encoding="UTF-8"?>
<!DOCTYPE html PUBLIC "-//W3C//DTD XHTML 1.0 Transitional//EN"
    "http://www.w3.org/TR/xhtml1/DTD/xhtml1-transitional.dtd">
<html xmlns="http://www.w3.org/1999/xhtml" xml:lang="en" lang="en">
 <head>
  <title>
</title>
<meta http-equiv="Content-Type" content="text/html;charset=utf-8" />
  <meta name='ocr-system' content='tesseract 3.04.00' />
  <meta name='ocr-capabilities' content='ocr_page ocr_carea ocr_par ocr_line ocrx_word'/>
</head>
<body>
  <div class='ocr_page' id='page_1' title='image "./cplinicaecilise00plingoog_0382.png"; bbox 0 0 2934 4966; ppageno 0'>
   <div class='ocr_carea' id='block_1_1' title="bbox 551 271 1365 359">
    <p class='ocr_par' dir='ltr' id='par_1_1' title="bbox 551 271 1365 359">
     <span class='ocr_line' id='line_1_1' title="bbox 551 271 1365 359; baseline 0 -22"><span class='ocrx_word' id='word_1_1' title='bbox 551 281 846 337; x_wconf 79' lang='grc'><strong>111111111111.</strong></span> <span class='ocrx_word' id='word_1_2' title='bbox 870 280 911 332; x_wconf 88' lang='lat'>10.</span> <span class='ocrx_word' id='word_1_3' title='bbox 933 281 975 332; x_wconf 85' lang='lat'>11.</span> <span class='ocrx_word' id='word_1_4' title='bbox 1268 334 1275 359; x_wconf 68' lang='lat'>,</span> <span class='ocrx_word' id='word_1_5' title='bbox 1302 271 1365 338; x_wconf 81' lang='lat'>327</span> 
     </span>
    </p>
   </div>
   <div class='ocr_carea' id='block_1_2' title="bbox 116 437 1442 3724">
    <p class='ocr_par' dir='ltr' id='par_1_2' title="bbox 116 437 1442 3724">
     <span class='ocr_line' id='line_1_2' title="bbox 158 437 1393 535; baseline -0.006 -17"><span class='ocrx_word' id='word_1_6' title='bbox 158 448 363 519; x_wconf 82' lang='lat' dir='ltr'>efficiebatur</span> <span class='ocrx_word' id='word_1_7' title='bbox 382 465 437 529; x_wconf 88' lang='lat' dir='ltr'>eo,</span> <span class='ocrx_word' id='word_1_8' title='bbox 459 442 544 531; x_wconf 90' lang='lat' dir='ltr'>quod</span> <span class='ocrx_word' id='word_1_9' title='bbox 566 443 608 510; x_wconf 89' lang='lat' dir='ltr'>ab</span> <span class='ocrx_word' id='word_1_10' title='bbox 630 441 704 509; x_wconf 86' lang='lat' dir='ltr'>aliis</span> <span class='ocrx_word' id='word_1_11' title='bbox 717 437 826 509; x_wconf 83' lang='lat' dir='ltr'>min&#39;us</span> <span class='ocrx_word' id='word_1_12' title='bbox 848 440 1032 527; x_wconf 88' lang='lat' dir='ltr'>parebatur.</span> <span class='ocrx_word' id='word_1_13' title='bbox 1067 442 1108 508; x_wconf 85' lang='lat' dir='ltr'>ad</span> <span class='ocrx_word' id='word_1_14' title='bbox 1129 442 1191 510; x_wconf 91' lang='lat' dir='ltr'>hoe</span> <span class='ocrx_word' id='word_1_15' title='bbox 1213 443 1367 511; x_wconf 78' lang='lat' dir='ltr'><strong>audiebas</strong></span> <span class='ocrx_word' id='word_1_16' title='bbox 1391 530 1393 535; x_wconf 68' lang='lat'>,</span> 
     </span>
     <span class='ocr_line' id='line_1_3' title="bbox 158 543 1365 635; baseline -0.003 -17"><span class='ocrx_word' id='word_1_17' title='bbox 158 554 291 619; x_wconf 81' lang='lat' dir='ltr'>senatus</span> <span class='ocrx_word' id='word_1_18' title='bbox 312 548 488 635; x_wconf 81' lang='lat' dir='ltr'><strong>populique</strong></span> <span class='ocrx_word' id='word_1_19' title='bbox 509 569 719 634; x_wconf 87' lang='lat' dir='ltr'>consensum:</span> <span class='ocrx_word' id='word_1_20' title='bbox 741 567 814 612; x_wconf 88' lang='lat' dir='ltr'>non·</span> <span class='ocrx_word' id='word_1_21' title='bbox 830 545 926 612; x_wconf 85' lang='lat' dir='ltr'>unius</span> <span class='ocrx_word' id='word_1_22' title='bbox 948 543 1076 613; x_wconf 80' lang='lat' dir='ltr'>Nervae</span> <span class='ocrx_word' id='word_1_23' title='bbox 1097 547 1252 614; x_wconf 86' lang='lat' dir='ltr'>iudicium</span> <span class='ocrx_word' id='word_1_24' title='bbox 1273 547 1365 635; x_wconf 87' lang='lat' dir='ltr'>illud,</span> 
     </span>
     <span class='ocr_line' id='line_1_4' title="bbox 158 647 1366 737; baseline -0.002 -17"><span class='ocrx_word' id='word_1_25' title='bbox 158 655 217 721; x_wconf 86' lang='lat' dir='ltr'>illa</span> <span class='ocrx_word' id='word_1_26' title='bbox 239 651 356 719; x_wconf 86' lang='lat' dir='ltr'>electio</span> <span class='ocrx_word' id='word_1_27' title='bbox 376 651 450 718; x_wconf 88' lang='lat' dir='ltr'>fuit.</span> <span class='ocrx_word' id='word_1_28' title='bbox 490 673 568 717; x_wconf 85' lang='lat' dir='ltr'>nam</span> <span class='ocrx_word' id='word_1_29' title='bbox 590 650 646 737; x_wconf 89' lang='lat' dir='ltr'>qui</span> <span class='ocrx_word' id='word_1_30' title='bbox 671 649 790 735; x_wconf 90' lang='lat' dir='ltr'>ubique</span> <span class='ocrx_word' id='word_1_31' title='bbox 811 652 889 715; x_wconf 89' lang='lat' dir='ltr'>sunt</span> <span class='ocrx_word' id='word_1_32' title='bbox 910 647 1059 717; x_wconf 90' lang='lat' dir='ltr'>homines</span> <span class='ocrx_word' id='word_1_33' title='bbox 1081 650 1143 717; x_wconf 89' lang='lat' dir='ltr'>hoc</span> <span class='ocrx_word' id='word_1_34' title='bbox 1170 651 1256 717; x_wconf 88' lang='lat' dir='ltr'>idem</span> <span class='ocrx_word' id='word_1_35' title='bbox 1283 651 1366 717; x_wconf 87' lang='lat' dir='ltr'>votis</span> 
     </span>
     <span class='ocr_line' id='line_1_5' title="bbox 159 753 1369 842; baseline 0 -21"><span class='ocrx_word' id='word_1_36' title='bbox 159 754 372 842; x_wconf 76' lang='lat' dir='ltr'>expetebant5</span> <span class='ocrx_word' id='word_1_37' title='bbox 394 754 450 820; x_wconf 93' lang='lat' dir='ltr'>ille</span> <span class='ocrx_word' id='word_1_38' title='bbox 471 757 605 820; x_wconf 83' lang='lat' dir='ltr'>tantum</span> <span class='ocrx_word' id='word_1_39' title='bbox 623 754 693 819; x_wconf 90' lang='lat' dir='ltr'>iure</span> <span class='ocrx_word' id='word_1_40' title='bbox 706 753 864 839; x_wconf 87' lang='lat' dir='ltr'>principis</span> <span class='ocrx_word' id='word_1_41' title='bbox 886 755 1058 840; x_wconf 86' lang='lat' dir='ltr'>occupavit</span> <span class='ocrx_word' id='word_1_42' title='bbox 1079 754 1266 842; x_wconf 90' lang='lat' dir='ltr'>primusque</span> <span class='ocrx_word' id='word_1_43' title='bbox 1287 754 1369 822; x_wconf 83' lang='lat' dir='ltr'>fecit</span> 
     </span>
     <span class='ocr_line' id='line_1_6' title="bbox 132 855 1366 946; baseline 0 -22"><span class='ocrx_word' id='word_1_44' title='bbox 132 859 252 946; x_wconf 60' lang='lat' dir='ltr'>equod,</span> <span class='ocrx_word' id='word_1_45' title='bbox 266 857 387 924; x_wconf 87' lang='lat' dir='ltr'>facturi</span> <span class='ocrx_word' id='word_1_46' title='bbox 408 867 520 935; x_wconf 83' lang='lat' dir='ltr'>omnes</span> <span class='ocrx_word' id='word_1_47' title='bbox 544 859 649 922; x_wconf 87' lang='lat' dir='ltr'>erant.</span> <span class='ocrx_word' id='word_1_48' title='bbox 682 877 745 922; x_wconf 89' lang='lat' dir='ltr'>nec</span> <span class='ocrx_word' id='word_1_49' title='bbox 765 855 895 943; x_wconf 80' lang='lat' dir='ltr'>hercule</span> <span class='ocrx_word' id='word_1_50' title='bbox 923 860 1017 922; x_wconf 87' lang='lat' dir='ltr'>tanto</span> <span class='ocrx_word' id='word_1_51' title='bbox 1039 879 1136 944; x_wconf 92' lang='lat' dir='ltr'>opere</span> <span class='ocrx_word' id='word_1_52' title='bbox 1164 859 1290 924; x_wconf 89' lang='lat' dir='ltr'>cunetis</span> <span class='ocrx_word' id='word_1_53' title='bbox 1317 859 1366 924; x_wconf 88' lang='lat' dir='ltr'>fa·</span> 
     </span>
     <span class='ocr_line' id='line_1_7' title="bbox 159 955 1364 1048; baseline 0 -20"><span class='ocrx_word' id='word_1_54' title='bbox 159 965 248 1028; x_wconf 90' lang='lat' dir='ltr'>ctum</span> <span class='ocrx_word' id='word_1_55' title='bbox 262 960 424 1047; x_wconf 74' lang='lat' dir='ltr'>placeret,</span> <span class='ocrx_word' id='word_1_56' title='bbox 447 959 512 1025; x_wconf 91' lang='lat' dir='ltr'>nisi</span> <span class='ocrx_word' id='word_1_57' title='bbox 525 959 703 1046; x_wconf 71' lang='lat' dir='ltr'>placuisset</span> <span class='ocrx_word' id='word_1_58' title='bbox 725 962 802 1025; x_wconf 90' lang='lat' dir='ltr'>ante</span> <span class='ocrx_word' id='word_1_59' title='bbox 819 981 918 1046; x_wconf 88' lang='lat' dir='ltr'>quam</span> <span class='ocrx_word' id='word_1_60' title='bbox 932 960 1034 1027; x_wconf 84' lang='lat' dir='ltr'>fieret.</span> <span class='ocrx_word' id='word_1_61' title='bbox 1068 965 1103 1027; x_wconf 88' lang='lat' dir='ltr'>at</span> <span class='ocrx_word' id='word_1_62' title='bbox 1124 982 1203 1047; x_wconf 91' lang='lat' dir='ltr'>quo,</span> <span class='ocrx_word' id='word_1_63' title='bbox 1227 961 1260 1026; x_wconf 88' lang='lat' dir='ltr'>di</span> <span class='ocrx_word' id='word_1_64' title='bbox 1276 955 1364 1048; x_wconf 91' lang='lat' dir='ltr'>boni,</span> 
     </span>
     <span class='ocr_line' id='line_1_8' title="bbox 157 1061 1366 1157; baseline 0 -27"><span class='ocrx_word' id='word_1_65' title='bbox 157 1066 415 1157; x_wconf 82' lang='lat' dir='ltr'>temperamento</span> <span class='ocrx_word' id='word_1_66' title='bbox 435 1065 632 1157; x_wconf 69' lang='lat' dir='ltr'>potestatem</span> <span class='ocrx_word' id='word_1_67' title='bbox 654 1066 745 1127; x_wconf 84' lang='lat' dir='ltr'>tuam</span> <span class='ocrx_word' id='word_1_68' title='bbox 767 1062 998 1153; x_wconf 78' lang='lat' dir='ltr'>fortunamque</span> <span class='ocrx_word' id='word_1_69' title='bbox 1020 1061 1206 1128; x_wconf 86' lang='lat' dir='ltr'>moderatus</span> <span class='ocrx_word' id='word_1_70' title='bbox 1228 1065 1279 1128; x_wconf 86' lang='lat' dir='ltr'>esl</span> <span class='ocrx_word' id='word_1_71' title='bbox 1308 1065 1366 1130; x_wconf 85' lang='lat' dir='ltr'>irn-</span> 
     </span>
     <span class='ocr_line' id='line_1_9' title="bbox 123 1156 1366 1254; baseline 0 -20"><span class='ocrx_word' id='word_1_72' title='bbox 123 1207 127 1212; x_wconf 92' lang='lat'><em>-</em></span> <span class='ocrx_word' id='word_1_73' title='bbox 158 1169 351 1254; x_wconf 88' lang='lat' dir='ltr'>peratortu</span> <span class='ocrx_word' id='word_1_74' title='bbox 372 1165 477 1232; x_wconf 85' lang='lat' dir='ltr'>titulis</span> <span class='ocrx_word' id='word_1_75' title='bbox 499 1169 533 1232; x_wconf 89' lang='lat' dir='ltr'>et</span> <span class='ocrx_word' id='word_1_76' title='bbox 553 1165 753 1253; x_wconf 84' lang='lat' dir='ltr'>imaginibus</span> <span class='ocrx_word' id='word_1_77' title='bbox 776 1169 810 1231; x_wconf 91' lang='lat' dir='ltr'>et</span> <span class='ocrx_word' id='word_1_78' title='bbox 831 1156 951 1252; x_wconf 79' lang='lat' dir='ltr'>signis,</span> <span class='ocrx_word' id='word_1_79' title='bbox 976 1170 1119 1232; x_wconf 89' lang='lat' dir='ltr'>ceterum</span> <span class='ocrx_word' id='word_1_80' title='bbox 1140 1165 1299 1232; x_wconf 89' lang='lat' dir='ltr'>modestia</span> <span class='ocrx_word' id='word_1_81' title='bbox 1320 1167 1366 1234; x_wconf 90' lang='grc'>11-</span> 
     </span>
     <span class='ocr_line' id='line_1_10' title="bbox 157 1268 1365 1357; baseline -0.001 -20"><span class='ocrx_word' id='word_1_82' title='bbox 157 1270 236 1337; x_wconf 84' lang='grc'><strong>1111</strong></span> <span class='ocrx_word' id='word_1_83' title='bbox 263 1269 438 1356; x_wconf 74' lang='lat' dir='ltr'>vigilantia</span> <span class='ocrx_word' id='word_1_84' title='bbox 464 1269 529 1334; x_wconf 86' lang='lat' dir='ltr'>dux</span> <span class='ocrx_word' id='word_1_85' title='bbox 556 1270 591 1334; x_wconf 92' lang='lat' dir='ltr'>et</span> <span class='ocrx_word' id='word_1_86' title='bbox 616 1268 745 1356; x_wconf 82' lang='lat' dir='ltr'>legatus</span> <span class='ocrx_word' id='word_1_87' title='bbox 774 1271 808 1334; x_wconf 93' lang='lat' dir='ltr'>et</span> <span class='ocrx_word' id='word_1_88' title='bbox 832 1268 924 1334; x_wconf 85' lang='lat' dir='ltr'>miles</span> <span class='ocrx_word' id='word_1_89' title='bbox 930 1320 940 1353; x_wconf 94' lang='lat'>,</span> <span class='ocrx_word' id='word_1_90' title='bbox 975 1291 1048 1335; x_wconf 87' lang='lat' dir='ltr'>cum</span> <span class='ocrx_word' id='word_1_91' title='bbox 1070 1269 1136 1334; x_wconf 88' lang='lat' dir='ltr'>iam</span> <span class='ocrx_word' id='word_1_92' title='bbox 1157 1270 1215 1334; x_wconf 86' lang='lat' dir='ltr'>tua</span> <span class='ocrx_word' id='word_1_93' title='bbox 1236 1269 1365 1357; x_wconf 78' lang='lat' dir='ltr'>vexilla,</span> 
     </span>
     <span class='ocr_line' id='line_1_11' title="bbox 119 1371 1366 1460; baseline 0.002 -24"><span class='ocrx_word' id='word_1_94' title='bbox 119 1397 144 1437; x_wconf 87' lang='lat' dir='ltr'>ro</span> <span class='ocrx_word' id='word_1_95' title='bbox 157 1373 232 1440; x_wconf 84' lang='lat' dir='ltr'>tues&#39;</span> <span class='ocrx_word' id='word_1_96' title='bbox 253 1371 379 1460; x_wconf 86' lang='lat' dir='ltr'>aquilas</span> <span class='ocrx_word' id='word_1_97' title='bbox 401 1393 523 1460; x_wconf 83' lang='lat' dir='ltr'>magno</span> <span class='ocrx_word' id='word_1_98' title='bbox 544 1372 649 1458; x_wconf 80' lang='lat' dir='ltr'>gradu</span> <span class='ocrx_word' id='word_1_99' title='bbox 671 1371 811 1437; x_wconf 86' lang='lat' dir='ltr'>anteires</span> <span class='ocrx_word' id='word_1_100' title='bbox 833 1393 937 1458; x_wconf 90' lang='lat' dir='ltr'>neque</span> <span class='ocrx_word' id='word_1_101' title='bbox 965 1371 1052 1437; x_wconf 88' lang='lat' dir='ltr'>aliud</span> <span class='ocrx_word' id='word_1_102' title='bbox 1074 1371 1136 1437; x_wconf 93' lang='lat' dir='ltr'>tibi</span> <span class='ocrx_word' id='word_1_103' title='bbox 1165 1393 1204 1438; x_wconf 88' lang='lat' dir='ltr'>ex</span> <span class='ocrx_word' id='word_1_104' title='bbox 1225 1372 1284 1437; x_wconf 85' lang='lat' dir='ltr'>illa</span> <span class='ocrx_word' id='word_1_105' title='bbox 1311 1374 1366 1439; x_wconf 89' lang='lat' dir='ltr'>ad·</span> 
     </span>
     <span class='ocr_line' id='line_1_12' title="bbox 158 1472 1366 1564; baseline 0.001 -21"><span class='ocrx_word' id='word_1_106' title='bbox 158 1477 291 1563; x_wconf 89' lang='lat' dir='ltr'>optione</span> <span class='ocrx_word' id='word_1_107' title='bbox 306 1497 402 1562; x_wconf 85' lang='lat' dir='ltr'>quam</span> <span class='ocrx_word' id='word_1_108' title='bbox 416 1474 485 1550; x_wconf 51' lang='lat' dir='ltr'>¹lilii</span> <span class='ocrx_word' id='word_1_109' title='bbox 506 1475 682 1562; x_wconf 87' lang='lat' dir='ltr'>pietatem,</span> <span class='ocrx_word' id='word_1_110' title='bbox 705 1473 765 1540; x_wconf 88' lang='lat' dir='ltr'>filii</span> <span class='ocrx_word' id='word_1_111' title='bbox 780 1474 968 1560; x_wconf 83' lang='lat' dir='ltr'>obsequium</span> <span class='ocrx_word' id='word_1_112' title='bbox 983 1472 1148 1541; x_wconf 84' lang='lat' dir='ltr'>adsereres</span> <span class='ocrx_word' id='word_1_113' title='bbox 1170 1475 1366 1564; x_wconf 84' lang='lat' dir='ltr'>longamque</span> 
     </span>
     <span class='ocr_line' id='line_1_13' title="bbox 158 1577 1367 1665; baseline -0.001 -19"><span class='ocrx_word' id='word_1_114' title='bbox 158 1581 234 1646; x_wconf 89' lang='lat' dir='ltr'>huie</span> <span class='ocrx_word' id='word_1_115' title='bbox 256 1579 381 1646; x_wconf 89' lang='lat' dir='ltr'>nomini</span> <span class='ocrx_word' id='word_1_116' title='bbox 403 1581 561 1662; x_wconf 86' lang='lat' dir='ltr'>aetatem,</span> <span class='ocrx_word' id='word_1_117' title='bbox 590 1578 722 1665; x_wconf 80' lang='lat' dir='ltr'>longam</span> <span class='ocrx_word' id='word_1_118' title='bbox 744 1577 881 1665; x_wconf 84' lang='lat' dir='ltr'>gloriam</span> <span class='ocrx_word' id='word_1_119' title='bbox 903 1599 1083 1663; x_wconf 80' lang='lat' dir='ltr'>precarem.</span> <span class='ocrx_word' id='word_1_120' title='bbox 1117 1578 1184 1643; x_wconf 86' lang='lat' dir='ltr'>iam</span> <span class='ocrx_word' id='word_1_121' title='bbox 1205 1581 1239 1644; x_wconf 91' lang='lat' dir='ltr'>te</span> <span class='ocrx_word' id='word_1_122' title='bbox 1260 1580 1367 1664; x_wconf 81' lang='lat' dir='ltr'>provi-</span> 
     </span>
     <span class='ocr_line' id='line_1_14' title="bbox 158 1679 1367 1769; baseline 0.001 -20"><span class='ocrx_word' id='word_1_123' title='bbox 158 1683 271 1749; x_wconf 86' lang='lat' dir='ltr'>dentia</span> <span class='ocrx_word' id='word_1_124' title='bbox 285 1682 416 1748; x_wconf 88' lang='lat' dir='ltr'>deorum</span> <span class='ocrx_word' id='word_1_125' title='bbox 430 1681 571 1769; x_wconf 89' lang='lat' dir='ltr'>primum</span> <span class='ocrx_word' id='word_1_126' title='bbox 592 1681 628 1746; x_wconf 90' lang='lat' dir='ltr'>in</span> <span class='ocrx_word' id='word_1_127' title='bbox 643 1681 748 1747; x_wconf 88' lang='lat' dir='ltr'>locum</span> <span class='ocrx_word' id='word_1_128' title='bbox 767 1683 974 1767; x_wconf 79' lang='lat' dir='ltr'>provexerat3</span> <span class='ocrx_word' id='word_1_129' title='bbox 995 1683 1033 1745; x_wconf 92' lang='lat' dir='ltr'>tu</span> <span class='ocrx_word' id='word_1_130' title='bbox 1048 1679 1154 1746; x_wconf 90' lang='lat' dir='ltr'>adhuc</span> <span class='ocrx_word' id='word_1_131' title='bbox 1175 1682 1367 1750; x_wconf 83' lang='lat' dir='ltr'>insecundo</span> 
     </span>
     <span class='ocr_line' id='line_1_15' title="bbox 158 1782 1365 1871; baseline 0 -20"><span class='ocrx_word' id='word_1_132' title='bbox 158 1785 308 1852; x_wconf 86' lang='lat' dir='ltr'>resistere</span> <span class='ocrx_word' id='word_1_133' title='bbox 330 1787 428 1871; x_wconf 81' lang='lat' dir='ltr'>atque</span> <span class='ocrx_word' id='word_1_134' title='bbox 450 1784 549 1849; x_wconf 90' lang='lat' dir='ltr'>etiam</span> <span class='ocrx_word' id='word_1_135' title='bbox 572 1782 738 1850; x_wconf 84' lang='lat' dir='ltr'>senescere</span> <span class='ocrx_word' id='word_1_136' title='bbox 760 1782 913 1870; x_wconf 87' lang='lat' dir='ltr'>optabas:</span> <span class='ocrx_word' id='word_1_137' title='bbox 942 1783 1089 1869; x_wconf 85' lang='lat' dir='ltr'>privatus</span> <span class='ocrx_word' id='word_1_138' title='bbox 1110 1783 1172 1849; x_wconf 94' lang='lat' dir='ltr'>tibi</span> <span class='ocrx_word' id='word_1_139' title='bbox 1194 1782 1365 1871; x_wconf 86' lang='lat' dir='ltr'>videbaris,</span> 
     </span>
     <span class='ocr_line' id='line_1_16' title="bbox 116 1885 1367 1975; baseline 0.003 -24"><span class='ocrx_word' id='word_1_140' title='bbox 116 1908 256 1975; x_wconf 77' lang='lat' dir='ltr'>isquam</span> <span class='ocrx_word' id='word_1_141' title='bbox 278 1887 334 1952; x_wconf 90' lang='lat' dir='ltr'>diu</span> <span class='ocrx_word' id='word_1_142' title='bbox 362 1888 540 1972; x_wconf 83' lang='lat' dir='ltr'>imperator</span> <span class='ocrx_word' id='word_1_143' title='bbox 567 1890 600 1953; x_wconf 86' lang='lat' dir='ltr'>et</span> <span class='ocrx_word' id='word_1_144' title='bbox 623 1885 706 1952; x_wconf 86' lang='lat' dir='ltr'>alius</span> <span class='ocrx_word' id='word_1_145' title='bbox 728 1890 824 1952; x_wconf 88' lang='lat' dir='ltr'>esset.</span> <span class='ocrx_word' id='word_1_146' title='bbox 863 1885 975 1950; x_wconf 87' lang='lat' dir='ltr'>audita</span> <span class='ocrx_word' id='word_1_147' title='bbox 1002 1889 1080 1951; x_wconf 89' lang='lat' dir='ltr'>suut</span> <span class='ocrx_word' id='word_1_148' title='bbox 1101 1890 1177 1953; x_wconf 84' lang='lat' dir='ltr'>vota</span> <span class='ocrx_word' id='word_1_149' title='bbox 1204 1889 1281 1972; x_wconf 86' lang='lat' dir='ltr'>tua,</span> <span class='ocrx_word' id='word_1_150' title='bbox 1310 1888 1367 1955; x_wconf 86' lang='lat' dir='ltr'>sed</span> 
     </span>
     <span class='ocr_line' id='line_1_17' title="bbox 157 1988 1366 2078; baseline -0.001 -22"><span class='ocrx_word' id='word_1_151' title='bbox 157 1991 193 2056; x_wconf 93' lang='lat' dir='ltr'>in</span> <span class='ocrx_word' id='word_1_152' title='bbox 216 1993 375 2078; x_wconf 87' lang='lat' dir='ltr'>quantum</span> <span class='ocrx_word' id='word_1_153' title='bbox 403 1991 525 2077; x_wconf 86' lang='lat' dir='ltr'>optimo</span> <span class='ocrx_word' id='word_1_154' title='bbox 553 1990 603 2055; x_wconf 89' lang='lat' dir='ltr'>illi</span> <span class='ocrx_word' id='word_1_155' title='bbox 624 1993 660 2055; x_wconf 91' lang='lat' dir='ltr'>et</span> <span class='ocrx_word' id='word_1_156' title='bbox 680 1988 887 2056; x_wconf 87' lang='lat' dir='ltr'>sanctissimo</span> <span class='ocrx_word' id='word_1_157' title='bbox 910 1991 981 2055; x_wconf 90' lang='lat' dir='ltr'>seni</span> <span class='ocrx_word' id='word_1_158' title='bbox 1003 1989 1083 2055; x_wconf 91' lang='lat' dir='ltr'>utile</span> <span class='ocrx_word' id='word_1_159' title='bbox 1104 1990 1184 2075; x_wconf 85' lang='lat' dir='ltr'>fuit,</span> <span class='ocrx_word' id='word_1_160' title='bbox 1216 2011 1311 2075; x_wconf 89' lang='lat' dir='ltr'>quem</span> <span class='ocrx_word' id='word_1_161' title='bbox 1333 1991 1366 2056; x_wconf 89' lang='lat' dir='ltr'>di</span> 
     </span>
     <span class='ocr_line' id='line_1_18' title="bbox 158 2080 1366 2180; baseline -0.001 -20"><span class='ocrx_word' id='word_1_162' title='bbox 158 2093 249 2161; x_wconf 85' lang='lat' dir='ltr'>caelo</span> <span class='ocrx_word' id='word_1_163' title='bbox 275 2093 539 2173; x_wconf 85' lang='lat' dir='ltr'>vindicaverunt,</span> <span class='ocrx_word' id='word_1_164' title='bbox 568 2115 611 2159; x_wconf 89' lang='lat' dir='ltr'>ne</span> <span class='ocrx_word' id='word_1_165' title='bbox 639 2092 716 2179; x_wconf 89' lang='lat' dir='ltr'>quid</span> <span class='ocrx_word' id='word_1_166' title='bbox 744 2080 819 2180; x_wconf 82' lang='lat' dir='ltr'>post</span> <span class='ocrx_word' id='word_1_167' title='bbox 846 2091 926 2157; x_wconf 90' lang='lat' dir='ltr'>illud</span> <span class='ocrx_word' id='word_1_168' title='bbox 948 2092 1094 2158; x_wconf 87' lang='lat' dir='ltr'>divinum</span> <span class='ocrx_word' id='word_1_169' title='bbox 1123 2096 1157 2158; x_wconf 87' lang='lat' dir='ltr'>et</span> <span class='ocrx_word' id='word_1_170' title='bbox 1183 2093 1366 2160; x_wconf 82' lang='lat' dir='ltr'>immortale</span> 
     </span>
     <span class='ocr_line' id='line_1_19' title="bbox 153 2194 1367 2282; baseline -0.001 -19"><span class='ocrx_word' id='word_1_171' title='bbox 153 2197 283 2279; x_wconf 24' lang='lat' dir='ltr'>,factum</span> <span class='ocrx_word' id='word_1_172' title='bbox 296 2195 434 2263; x_wconf 79' lang='lat' dir='ltr'>mortale</span> <span class='ocrx_word' id='word_1_173' title='bbox 455 2196 589 2262; x_wconf 88' lang='lat' dir='ltr'>faceret.</span> <span class='ocrx_word' id='word_1_174' title='bbox 622 2195 738 2269; x_wconf 76' lang='lat' dir='ltr'>deberi</span> <span class='ocrx_word' id='word_1_175' title='bbox 753 2195 872 2282; x_wconf 85' lang='lat' dir='ltr'>quippe</span> <span class='ocrx_word' id='word_1_176' title='bbox 887 2196 1028 2261; x_wconf 84' lang='lat' dir='ltr'>maximo</span> <span class='ocrx_word' id='word_1_177' title='bbox 1049 2196 1140 2281; x_wconf 87' lang='lat' dir='ltr'>operi</span> <span class='ocrx_word' id='word_1_178' title='bbox 1163 2194 1367 2262; x_wconf 81' lang='grc'><strong>1111111111-</strong></span> 
     </span>
     <span class='ocr_line' id='line_1_20' title="bbox 157 2297 1442 2391; baseline -0.002 -24"><span class='ocrx_word' id='word_1_179' title='bbox 157 2300 334 2386; x_wconf 85' lang='lat' dir='ltr'>rationem,</span> <span class='ocrx_word' id='word_1_180' title='bbox 356 2302 394 2365; x_wconf 92' lang='lat' dir='ltr'>ut</span> <span class='ocrx_word' id='word_1_181' title='bbox 415 2299 626 2365; x_wconf 80' lang='lat' dir='ltr'>novissimum</span> <span class='ocrx_word' id='word_1_182' title='bbox 648 2301 757 2384; x_wconf 80' lang='lat' dir='ltr'>esset,</span> <span class='ocrx_word' id='word_1_183' title='bbox 779 2303 1007 2391; x_wconf 83' lang='lat' dir='ltr'>auctoremque</span> <span class='ocrx_word' id='word_1_184' title='bbox 1028 2298 1096 2365; x_wconf 81' lang='lat' dir='ltr'>eius</span> <span class='ocrx_word' id='word_1_185' title='bbox 1119 2297 1232 2365; x_wconf 81' lang='lat' dir='ltr'>statim</span> <span class='ocrx_word' id='word_1_186' title='bbox 1255 2319 1366 2365; x_wconf 91' lang='lat' dir='ltr'>conse-</span> <span class='ocrx_word' id='word_1_187' title='bbox 1441 2305 1442 2308; x_wconf 75' lang='grc'>’</span> 
     </span>
     <span class='ocr_line' id='line_1_21' title="bbox 116 2389 1365 2496; baseline -0.002 -26"><span class='ocrx_word' id='word_1_188' title='bbox 116 2436 145 2476; x_wconf 71' lang='lat'>20</span> <span class='ocrx_word' id='word_1_189' title='bbox 159 2402 332 2489; x_wconf 86' lang='lat' dir='ltr'>orandum,</span> <span class='ocrx_word' id='word_1_190' title='bbox 354 2405 393 2468; x_wconf 92' lang='lat' dir='ltr'>ut</span> <span class='ocrx_word' id='word_1_191' title='bbox 413 2402 605 2488; x_wconf 88' lang='lat' dir='ltr'>quandoque</span> <span class='ocrx_word' id='word_1_192' title='bbox 626 2402 713 2467; x_wconf 86' lang='lat' dir='ltr'>inter</span> <span class='ocrx_word' id='word_1_193' title='bbox 734 2391 881 2488; x_wconf 83' lang='lat' dir='ltr'>posteros</span> <span class='ocrx_word' id='word_1_194' title='bbox 902 2405 1112 2496; x_wconf 77' lang='lat' dir='ltr'>quaereretur</span> <span class='ocrx_word' id='word_1_195' title='bbox 1128 2389 1177 2468; x_wconf 48' lang='lat' dir='ltr'>&#39;an</span> <span class='ocrx_word' id='word_1_196' title='bbox 1198 2401 1280 2468; x_wconf 89' lang='lat' dir='ltr'>illud</span> <span class='ocrx_word' id='word_1_197' title='bbox 1299 2395 1365 2468; x_wconf 87' lang='lat' dir='ltr'>iam</span> 
     </span>
     <span class='ocr_line' id='line_1_22' title="bbox 127 2498 1365 2592; baseline 0.002 -22"><span class='ocrx_word' id='word_1_198' title='bbox 127 2567 128 2570; x_wconf 74' lang='grc'>,</span> <span class='ocrx_word' id='word_1_199' title='bbox 157 2506 236 2572; x_wconf 87' lang='lat' dir='ltr'>deus</span> <span class='ocrx_word' id='word_1_200' title='bbox 257 2505 399 2572; x_wconf 84' lang='lat' dir='ltr'>fecisset.</span> <span class='ocrx_word' id='word_1_201' title='bbox 431 2505 480 2570; x_wconf 86' lang='lat' dir='ltr'>ita</span> <span class='ocrx_word' id='word_1_202' title='bbox 494 2503 549 2570; x_wconf 92' lang='lat' dir='ltr'>ille</span> <span class='ocrx_word' id='word_1_203' title='bbox 571 2505 662 2570; x_wconf 89' lang='lat' dir='ltr'>nullo</span> <span class='ocrx_word' id='word_1_204' title='bbox 676 2504 782 2592; x_wconf 81' lang='lat' dir='ltr'>magis</span> <span class='ocrx_word' id='word_1_205' title='bbox 796 2505 928 2571; x_wconf 87' lang='lat' dir='ltr'>nomine</span> <span class='ocrx_word' id='word_1_206' title='bbox 943 2505 1093 2592; x_wconf 87' lang='lat' dir='ltr'>publicus</span> <span class='ocrx_word' id='word_1_207' title='bbox 1108 2527 1244 2592; x_wconf 87' lang='lat' dir='ltr'>parens,</span> <span class='ocrx_word' id='word_1_208' title='bbox 1267 2498 1365 2592; x_wconf 86' lang='lat' dir='ltr'>quam</span> 
     </span>
     <span class='ocr_line' id='line_1_23' title="bbox 156 2606 1382 2696; baseline -0.001 -20"><span class='ocrx_word' id='word_1_209' title='bbox 156 2610 233 2696; x_wconf 87' lang='lat' dir='ltr'>quie</span> <span class='ocrx_word' id='word_1_210' title='bbox 255 2613 341 2676; x_wconf 90' lang='lat' dir='ltr'>tuus.</span> <span class='ocrx_word' id='word_1_211' title='bbox 374 2609 493 2694; x_wconf 87' lang='lat' dir='ltr'>ingens</span> <span class='ocrx_word' id='word_1_212' title='bbox 509 2606 614 2695; x_wconf 83' lang='lat' dir='ltr'>gloria</span> <span class='ocrx_word' id='word_1_213' title='bbox 635 2608 817 2694; x_wconf 86' lang='lat' dir='ltr'>ingensque</span> <span class='ocrx_word' id='word_1_214' title='bbox 838 2608 944 2673; x_wconf 85' lang='lat' dir='ltr'>fama:</span> <span class='ocrx_word' id='word_1_215' title='bbox 968 2630 1039 2674; x_wconf 89' lang='lat' dir='ltr'>eum</span> <span class='ocrx_word' id='word_1_216' title='bbox 1064 2609 1382 2694; x_wconf 48' lang='lat' dir='ltr'>abundeexpertus*</span> 
     </span>
     <span class='ocr_line' id='line_1_24' title="bbox 157 2700 1364 2799; baseline 0 -21"><span class='ocrx_word' id='word_1_217' title='bbox 157 2716 258 2796; x_wconf 88' lang='lat' dir='ltr'>esset,</span> <span class='ocrx_word' id='word_1_218' title='bbox 288 2710 491 2799; x_wconf 86' lang='lat' dir='ltr'>quam-bene</span> <span class='ocrx_word' id='word_1_219' title='bbox 513 2711 632 2776; x_wconf 85' lang='lat' dir='ltr'>umeris</span> <span class='ocrx_word' id='word_1_220' title='bbox 655 2711 720 2776; x_wconf 87' lang='lat' dir='ltr'>tuis</span> <span class='ocrx_word' id='word_1_221' title='bbox 743 2711 870 2777; x_wconf 89' lang='lat' dir='ltr'>sederet</span> <span class='ocrx_word' id='word_1_222' title='bbox 890 2700 1079 2798; x_wconf 88' lang='lat' dir='ltr'>imperium,</span> <span class='ocrx_word' id='word_1_223' title='bbox 1102 2704 1164 2778; x_wconf 89' lang='lat' dir='ltr'>tibi</span> <span class='ocrx_word' id='word_1_224' title='bbox 1186 2716 1308 2798; x_wconf 88' lang='lat' dir='ltr'>terras,</span> <span class='ocrx_word' id='word_1_225' title='bbox 1330 2716 1364 2778; x_wconf 84' lang='lat' dir='ltr'>te</span> 
     </span>
     <span class='ocr_line' id='line_1_25' title="bbox 157 2814 1434 2903; baseline -0.001 -22"><span class='ocrx_word' id='word_1_226' title='bbox 157 2816 253 2882; x_wconf 88' lang='lat' dir='ltr'>terris</span> <span class='ocrx_word' id='word_1_227' title='bbox 268 2814 415 2901; x_wconf 89' lang='lat' dir='ltr'>reliquit,</span> <span class='ocrx_word' id='word_1_228' title='bbox 439 2836 476 2880; x_wconf 92' lang='grc' dir='ltr'>1ο</span> <span class='ocrx_word' id='word_1_229' title='bbox 498 2815 569 2899; x_wconf 90' lang='lat' dir='ltr'>ipso</span> <span class='ocrx_word' id='word_1_230' title='bbox 593 2835 686 2879; x_wconf 88' lang='lat' dir='ltr'>carus</span> <span class='ocrx_word' id='word_1_231' title='bbox 701 2814 849 2879; x_wconf 86' lang='lat' dir='ltr'>omnibus</span> <span class='ocrx_word' id='word_1_232' title='bbox 872 2836 910 2879; x_wconf 91' lang='lat' dir='ltr'>ac</span> <span class='ocrx_word' id='word_1_233' title='bbox 926 2814 1170 2900; x_wconf 86' lang='lat' dir='ltr'>desiderandus,</span> <span class='ocrx_word' id='word_1_234' title='bbox 1194 2816 1279 2903; x_wconf 91' lang='lat' dir='ltr'>quod</span> <span class='ocrx_word' id='word_1_235' title='bbox 1292 2837 1364 2900; x_wconf 92' lang='lat' dir='ltr'>pro·</span> <span class='ocrx_word' id='word_1_236' title='bbox 1432 2851 1434 2855; x_wconf 32' lang='grc' dir='ltr'><em>ν</em></span> 
     </span>
     <span class='ocr_line' id='line_1_26' title="bbox 118 2917 1412 3007; baseline -0.002 -23"><span class='ocrx_word' id='word_1_237' title='bbox 118 2949 145 2991; x_wconf 72' lang='lat'>25</span> <span class='ocrx_word' id='word_1_238' title='bbox 158 2921 309 3005; x_wconf 85' lang='lat' dir='ltr'>spexeret</span> <span class='ocrx_word' id='word_1_239' title='bbox 322 2939 365 2983; x_wconf 90' lang='lat' dir='ltr'>ne</span> <span class='ocrx_word' id='word_1_240' title='bbox 382 2917 627 2983; x_wconf 78' lang='lat' dir='ltr'>desideraretur.</span> <span class='ocrx_word' id='word_1_241' title='bbox 656 2939 752 3001; x_wconf 90' lang='lat' dir='ltr'>quem</span> <span class='ocrx_word' id='word_1_242' title='bbox 765 2921 802 2982; x_wconf 88' lang='lat' dir='ltr'>tu</span> <span class='ocrx_word' id='word_1_243' title='bbox 817 2917 960 2983; x_wconf 87' lang='lat' dir='ltr'>lacrimis</span> <span class='ocrx_word' id='word_1_244' title='bbox 974 2918 1195 3007; x_wconf 11' lang='lat' dir='ltr'>primum,yita</span> <span class='ocrx_word' id='word_1_245' title='bbox 1209 2922 1248 2984; x_wconf 90' lang='lat' dir='ltr'>ut</span> <span class='ocrx_word' id='word_1_246' title='bbox 1261 2918 1364 2983; x_wconf 88' lang='lat' dir='ltr'>filium</span> <span class='ocrx_word' id='word_1_247' title='bbox 1375 2931 1412 2994; x_wconf 92' lang='lat'>11</span> 
     </span>
     <span class='ocr_line' id='line_1_27' title="bbox 157 3016 1414 3107; baseline 0 -21"><span class='ocrx_word' id='word_1_248' title='bbox 157 3016 282 3106; x_wconf 83' lang='lat' dir='ltr'>decuit,</span> <span class='ocrx_word' id='word_1_249' title='bbox 305 3041 380 3086; x_wconf 88' lang='lat' dir='ltr'>mox</span> <span class='ocrx_word' id='word_1_250' title='bbox 402 3019 533 3107; x_wconf 89' lang='lat' dir='ltr'>templis</span> <span class='ocrx_word' id='word_1_251' title='bbox 547 3018 747 3103; x_wconf 80' lang='lat' dir='ltr'>honestasti,</span> <span class='ocrx_word' id='word_1_252' title='bbox 771 3034 837 3084; x_wconf 86' lang='lat' dir='ltr'>non</span> <span class='ocrx_word' id='word_1_253' title='bbox 860 3021 1006 3096; x_wconf 84' lang='lat' dir='ltr'>imitatus</span> <span class='ocrx_word' id='word_1_254' title='bbox 1027 3020 1104 3096; x_wconf 74' lang='lat' dir='ltr'>illosv</span> <span class='ocrx_word' id='word_1_255' title='bbox 1116 3023 1171 3107; x_wconf 87' lang='lat' dir='ltr'>qui</span> <span class='ocrx_word' id='word_1_256' title='bbox 1185 3021 1363 3106; x_wconf 68' lang='lat' dir='ltr'>hocjidem,</span> <span class='ocrx_word' id='word_1_257' title='bbox 1411 3022 1414 3028; x_wconf 83' lang='grc'><strong>’</strong></span> 
     </span>
     <span class='ocr_line' id='line_1_28' title="bbox 157 3120 1364 3210; baseline -0.001 -20"><span class='ocrx_word' id='word_1_258' title='bbox 157 3125 213 3190; x_wconf 91' lang='lat' dir='ltr'>sed</span> <span class='ocrx_word' id='word_1_259' title='bbox 236 3124 301 3189; x_wconf 86' lang='lat' dir='ltr'>alia</span> <span class='ocrx_word' id='word_1_260' title='bbox 322 3125 432 3187; x_wconf 89' lang='lat' dir='ltr'>mente</span> <span class='ocrx_word' id='word_1_261' title='bbox 450 3122 611 3187; x_wconf 87' lang='lat' dir='ltr'>fecerunt.</span> <span class='ocrx_word' id='word_1_262' title='bbox 655 3120 775 3186; x_wconf 84' lang='lat' dir='ltr'>dicavit</span> <span class='ocrx_word' id='word_1_263' title='bbox 798 3121 887 3186; x_wconf 89' lang='grc'><strong>11111</strong></span> <span class='ocrx_word' id='word_1_264' title='bbox 909 3121 1057 3188; x_wconf 85' lang='lat' dir='ltr'>Tiberius</span> <span class='ocrx_word' id='word_1_265' title='bbox 1079 3124 1283 3210; x_wconf 83' lang='lat' dir='ltr'>Augustum,</span> <span class='ocrx_word' id='word_1_266' title='bbox 1307 3122 1364 3188; x_wconf 88' lang='lat' dir='ltr'>sed</span> 
     </span>
     <span class='ocr_line' id='line_1_29' title="bbox 157 3223 1361 3311; baseline -0.002 -19"><span class='ocrx_word' id='word_1_267' title='bbox 157 3232 193 3293; x_wconf 88' lang='lat' dir='ltr'>ut</span> <span class='ocrx_word' id='word_1_268' title='bbox 209 3226 389 3291; x_wconf 82' lang='lat' dir='ltr'>maiestatis</span> <span class='ocrx_word' id='word_1_269' title='bbox 406 3225 528 3291; x_wconf 80' lang='lat' dir='ltr'>crimen</span> <span class='ocrx_word' id='word_1_270' title='bbox 550 3224 735 3307; x_wconf 81' lang='lat' dir='ltr'>induceret,</span> <span class='ocrx_word' id='word_1_271' title='bbox 754 3223 924 3291; x_wconf 84' lang='lat' dir='ltr'>Claudium</span> <span class='ocrx_word' id='word_1_272' title='bbox 938 3224 1042 3311; x_wconf 78' lang='lat' dir='ltr'>Nero,</span> <span class='ocrx_word' id='word_1_273' title='bbox 1067 3226 1123 3291; x_wconf 86' lang='lat' dir='ltr'>sed</span> <span class='ocrx_word' id='word_1_274' title='bbox 1138 3231 1175 3292; x_wconf 88' lang='lat' dir='ltr'>ut</span> <span class='ocrx_word' id='word_1_275' title='bbox 1196 3226 1361 3310; x_wconf 85' lang='lat' dir='ltr'>inrideret,</span> 
     </span>
     <span class='ocr_line' id='line_1_30' title="bbox 158 3326 1363 3415; baseline -0.001 -21"><span class='ocrx_word' id='word_1_276' title='bbox 158 3331 396 3415; x_wconf 75' lang='lat' dir='ltr'>Vespasianum</span> <span class='ocrx_word' id='word_1_277' title='bbox 424 3327 532 3411; x_wconf 84' lang='lat' dir='ltr'>Titus,</span> <span class='ocrx_word' id='word_1_278' title='bbox 561 3326 768 3394; x_wconf 74' lang='lat' dir='ltr'>Domitianus</span> <span class='ocrx_word' id='word_1_279' title='bbox 796 3327 923 3412; x_wconf 80' lang='lat' dir='ltr'>Titum,</span> <span class='ocrx_word' id='word_1_280' title='bbox 953 3329 1009 3393; x_wconf 88' lang='lat' dir='ltr'>sod</span> <span class='ocrx_word' id='word_1_281' title='bbox 1033 3329 1105 3413; x_wconf 89' lang='lat' dir='ltr'>ille,</span> <span class='ocrx_word' id='word_1_282' title='bbox 1135 3333 1176 3395; x_wconf 92' lang='lat' dir='ltr'>ut·</span> <span class='ocrx_word' id='word_1_283' title='bbox 1194 3328 1245 3394; x_wconf 88' lang='lat' dir='ltr'>dei</span> <span class='ocrx_word' id='word_1_284' title='bbox 1267 3328 1363 3414; x_wconf 88' lang='lat' dir='ltr'>filius,</span> 
     </span>
     <span class='ocr_line' id='line_1_31' title="bbox 118 3429 1364 3521; baseline 0.001 -25"><span class='ocrx_word' id='word_1_285' title='bbox 118 3432 227 3516; x_wconf 63' lang='grc'><strong>301111,</strong></span> <span class='ocrx_word' id='word_1_286' title='bbox 249 3430 616 3508; x_wconf 52' lang='grc'><strong>’11111111111111111</strong></span> <span class='ocrx_word' id='word_1_287' title='bbox 648 3433 685 3516; x_wconf 85' lang='lat' dir='ltr'>tu</span> <span class='ocrx_word' id='word_1_288' title='bbox 713 3429 871 3521; x_wconf 82' lang='lat' dir='ltr'>sideribus</span> <span class='ocrx_word' id='word_1_289' title='bbox 898 3434 1025 3517; x_wconf 85' lang='lat' dir='ltr'>putrem</span> <span class='ocrx_word' id='word_1_290' title='bbox 1053 3432 1195 3498; x_wconf 87' lang='lat' dir='ltr'>intulisti</span> <span class='ocrx_word' id='word_1_291' title='bbox 1227 3453 1293 3498; x_wconf 89' lang='lat' dir='ltr'>non</span> <span class='ocrx_word' id='word_1_292' title='bbox 1322 3432 1364 3497; x_wconf 90' lang='lat' dir='ltr'>ad</span> 
     </span>
     <span class='ocr_line' id='line_1_32' title="bbox 157 3522 1363 3619; baseline -0.001 -19"><span class='ocrx_word' id='word_1_293' title='bbox 157 3539 280 3601; x_wconf 85' lang='lat' dir='ltr'>metum</span> <span class='ocrx_word' id='word_1_294' title='bbox 302 3535 436 3619; x_wconf 83' lang='lat' dir='ltr'>civium,</span> <span class='ocrx_word' id='word_1_295' title='bbox 459 3550 526 3599; x_wconf 90' lang='lat' dir='ltr'>non</span> <span class='ocrx_word' id='word_1_296' title='bbox 548 3535 584 3599; x_wconf 92' lang='lat' dir='ltr'>in</span> <span class='ocrx_word' id='word_1_297' title='bbox 607 3522 1044 3616; x_wconf 57' lang='grc' dir='ltr'>11111111111111111111111111,Ὶ</span> <span class='ocrx_word' id='word_1_298' title='bbox 1067 3553 1144 3600; x_wconf 84' lang='grc'><strong>11111</strong></span> <span class='ocrx_word' id='word_1_299' title='bbox 1156 3534 1192 3599; x_wconf 87' lang='lat' dir='ltr'>in</span> <span class='ocrx_word' id='word_1_300' title='bbox 1208 3530 1363 3599; x_wconf 75' lang='lat' dir='ltr'>honorem</span> 
     </span>
     <span class='ocr_line' id='line_1_33' title="bbox 156 3634 1363 3724; baseline -0.002 -21"><span class='ocrx_word' id='word_1_301' title='bbox 156 3642 266 3722; x_wconf 89' lang='lat' dir='ltr'>tuum,</span> <span class='ocrx_word' id='word_1_302' title='bbox 289 3637 345 3703; x_wconf 89' lang='lat' dir='ltr'>sed</span> <span class='ocrx_word' id='word_1_303' title='bbox 367 3637 443 3724; x_wconf 89' lang='lat' dir='ltr'>quia</span> <span class='ocrx_word' id='word_1_304' title='bbox 465 3636 561 3703; x_wconf 91' lang='lat' dir='ltr'>deum</span> <span class='ocrx_word' id='word_1_305' title='bbox 584 3637 694 3704; x_wconf 86' lang='lat' dir='ltr'>credis.</span> <span class='ocrx_word' id='word_1_306' title='bbox 727 3637 834 3702; x_wconf 86' lang='lat' dir='ltr'>minus</span> <span class='ocrx_word' id='word_1_307' title='bbox 857 3639 907 3700; x_wconf 89' lang='lat' dir='ltr'>est</span> <span class='ocrx_word' id='word_1_308' title='bbox 928 3635 1006 3720; x_wconf 89' lang='lat' dir='ltr'>hoc,</span> <span class='ocrx_word' id='word_1_309' title='bbox 1030 3658 1103 3701; x_wconf 89' lang='lat' dir='ltr'>eum</span> <span class='ocrx_word' id='word_1_310' title='bbox 1123 3638 1161 3701; x_wconf 91' lang='lat' dir='ltr'>fit</span> <span class='ocrx_word' id='word_1_311' title='bbox 1177 3635 1225 3700; x_wconf 87' lang='lat' dir='ltr'>ab</span> <span class='ocrx_word' id='word_1_312' title='bbox 1246 3634 1288 3700; x_wconf 90' lang='lat' dir='ltr'>iis</span> <span class='ocrx_word' id='word_1_313' title='bbox 1307 3636 1363 3721; x_wconf 90' lang='lat' dir='ltr'>qui</span> 
     </span>
    </p>
   </div>
   <div class='ocr_carea' id='block_1_3' title="bbox 154 3859 1361 4619">
    <p class='ocr_par' dir='ltr' id='par_1_3' title="bbox 154 3859 1361 4619">
     <span class='ocr_line' id='line_1_34' title="bbox 226 3859 1361 3932; baseline -0.003 -16"><span class='ocrx_word' id='word_1_314' title='bbox 226 3865 351 3916; x_wconf 83' lang='lat' dir='ltr'>lminus</span> <span class='ocrx_word' id='word_1_315' title='bbox 368 3864 457 3916; x_wconf 86' lang='lat' dir='ltr'>om.A</span> <span class='ocrx_word' id='word_1_316' title='bbox 530 3867 559 3917; x_wconf 85' lang='lat'>&#39;3</span> <span class='ocrx_word' id='word_1_317' title='bbox 577 3859 654 3932; x_wconf 85' lang='lat' dir='ltr'>nam]</span> <span class='ocrx_word' id='word_1_318' title='bbox 673 3880 729 3915; x_wconf 88' lang='lat' dir='ltr'>non</span> <span class='ocrx_word' id='word_1_319' title='bbox 746 3864 770 3912; x_wconf 99' lang='lat' dir='ltr'>A</span> <span class='ocrx_word' id='word_1_320' title='bbox 844 3859 919 3911; x_wconf 87' lang='lat' dir='ltr'>notis</span> <span class='ocrx_word' id='word_1_321' title='bbox 938 3876 1007 3913; x_wconf 82' lang='lat' dir='ltr'>corr.</span> <span class='ocrx_word' id='word_1_322' title='bbox 1026 3862 1059 3912; x_wconf 84' lang='lat' dir='ltr'>al.</span> <span class='ocrx_word' id='word_1_323' title='bbox 1077 3878 1142 3911; x_wconf 79' lang='lat' dir='ltr'>aran.</span> <span class='ocrx_word' id='word_1_324' title='bbox 1160 3862 1234 3912; x_wconf 84' lang='lat' dir='ltr'>uotis</span> <span class='ocrx_word' id='word_1_325' title='bbox 1251 3862 1268 3910; x_wconf 96' lang='grc'>1</span> <span class='ocrx_word' id='word_1_326' title='bbox 1287 3861 1361 3913; x_wconf 84' lang='lat' dir='ltr'>notis</span> 
     </span>
     <span class='ocr_line' id='line_1_35' title="bbox 157 3928 1360 4000; baseline -0.003 -16"><span class='ocrx_word' id='word_1_327' title='bbox 157 3936 173 4000; x_wconf 86' lang='grc' dir='ltr'>β</span> <span class='ocrx_word' id='word_1_328' title='bbox 242 3930 397 4000; x_wconf 75' lang='grc'><strong>4111111111]</strong></span> <span class='ocrx_word' id='word_1_329' title='bbox 416 3933 478 3984; x_wconf 85' lang='lat' dir='ltr'>trio</span> <span class='ocrx_word' id='word_1_330' title='bbox 547 3934 706 4000; x_wconf 87' lang='lat' dir='ltr'>primusque</span> <span class='ocrx_word' id='word_1_331' title='bbox 726 3932 851 3984; x_wconf 76' lang='lat' dir='ltr'>fecitne</span> <span class='ocrx_word' id='word_1_332' title='bbox 872 3928 977 3994; x_wconf 86' lang='lat' dir='ltr'>primus</span> <span class='ocrx_word' id='word_1_333' title='bbox 995 3929 1065 3979; x_wconf 83' lang='lat' dir='ltr'>fecit</span> <span class='ocrx_word' id='word_1_334' title='bbox 1081 3932 1104 3979; x_wconf 86' lang='lat' dir='ltr'>A</span> <span class='ocrx_word' id='word_1_335' title='bbox 1122 3929 1281 3995; x_wconf 84' lang='lat' dir='ltr'>primusque</span> <span class='ocrx_word' id='word_1_336' title='bbox 1302 3929 1360 3992; x_wconf 87' lang='lat' dir='ltr'>(om.</span> 
     </span>
     <span class='ocr_line' id='line_1_36' title="bbox 157 3998 1361 4069; baseline -0.006 -13"><span class='ocrx_word' id='word_1_337' title='bbox 157 4001 239 4068; x_wconf 81' lang='lat' dir='ltr'>feeit)</span> <span class='ocrx_word' id='word_1_338' title='bbox 259 4004 275 4052; x_wconf 81' lang='lat' dir='ltr'>d</span> <span class='ocrx_word' id='word_1_339' title='bbox 361 4005 378 4053; x_wconf 84' lang='grc'>1</span> <span class='ocrx_word' id='word_1_340' title='bbox 400 4000 472 4069; x_wconf 89' lang='lat' dir='ltr'>quod</span> <span class='ocrx_word' id='word_1_341' title='bbox 489 4017 583 4052; x_wconf 88' lang='lat' dir='ltr'>omnes</span> <span class='ocrx_word' id='word_1_342' title='bbox 603 4002 708 4052; x_wconf 84' lang='lat' dir='ltr'>facturi</span> <span class='ocrx_word' id='word_1_343' title='bbox 725 4001 842 4052; x_wconf 82' lang='lat' dir='ltr'>erantB</span> <span class='ocrx_word' id='word_1_344' title='bbox 929 4000 945 4047; x_wconf 85' lang='grc'>6</span> <span class='ocrx_word' id='word_1_345' title='bbox 964 4004 1065 4063; x_wconf 86' lang='lat' dir='ltr'>atquo</span> <span class='ocrx_word' id='word_1_346' title='bbox 1084 3998 1123 4048; x_wconf 86' lang='lat' dir='ltr'>dii</span> <span class='ocrx_word' id='word_1_347' title='bbox 1141 3998 1207 4047; x_wconf 88' lang='lat' dir='ltr'>boni</span> <span class='ocrx_word' id='word_1_348' title='bbox 1226 4002 1361 4064; x_wconf 80' lang='lat' dir='ltr'>tempera·</span> 
     </span>
     <span class='ocr_line' id='line_1_37' title="bbox 156 4067 1361 4136; baseline -0.004 -12"><span class='ocrx_word' id='word_1_349' title='bbox 156 4078 250 4125; x_wconf 87' lang='lat' dir='ltr'>mento</span> <span class='ocrx_word' id='word_1_350' title='bbox 267 4072 291 4120; x_wconf 91' lang='lat' dir='ltr'>A</span> <span class='ocrx_word' id='word_1_351' title='bbox 309 4075 411 4136; x_wconf 85' lang='lat' dir='ltr'>atquo</span> <span class='ocrx_word' id='word_1_352' title='bbox 430 4069 478 4134; x_wconf 85' lang='lat' dir='ltr'>(ad</span> <span class='ocrx_word' id='word_1_353' title='bbox 497 4071 568 4135; x_wconf 90' lang='lat' dir='ltr'>quod</span> <span class='ocrx_word' id='word_1_354' title='bbox 587 4070 614 4133; x_wconf 87' lang='lat' dir='ltr'>d)</span> <span class='ocrx_word' id='word_1_355' title='bbox 633 4070 699 4120; x_wconf 86' lang='lat' dir='ltr'>boni</span> <span class='ocrx_word' id='word_1_356' title='bbox 717 4072 937 4135; x_wconf 84' lang='lat' dir='ltr'>temperamento</span> <span class='ocrx_word' id='word_1_357' title='bbox 956 4067 998 4115; x_wconf 70' lang='lat' dir='ltr'>Ad</span> <span class='ocrx_word' id='word_1_358' title='bbox 1023 4074 1052 4117; x_wconf 84' lang='lat' dir='ltr'>at</span> <span class='ocrx_word' id='word_1_359' title='bbox 1071 4082 1123 4132; x_wconf 91' lang='lat' dir='ltr'>quo</span> <span class='ocrx_word' id='word_1_360' title='bbox 1142 4069 1361 4132; x_wconf 82' lang='lat' dir='ltr'>temperamento</span> 
     </span>
     <span class='ocr_line' id='line_1_38' title="bbox 156 4136 1360 4206; baseline -0.007 -12"><span class='ocrx_word' id='word_1_361' title='bbox 156 4159 170 4194; x_wconf 86' lang='lat' dir='ltr'>c</span> <span class='ocrx_word' id='word_1_362' title='bbox 189 4147 220 4192; x_wconf 79' lang='lat' dir='ltr'>at</span> <span class='ocrx_word' id='word_1_363' title='bbox 237 4155 291 4206; x_wconf 90' lang='lat' dir='ltr'>quo</span> <span class='ocrx_word' id='word_1_364' title='bbox 309 4144 529 4205; x_wconf 85' lang='lat' dir='ltr'>temperamento</span> <span class='ocrx_word' id='word_1_365' title='bbox 548 4138 588 4188; x_wconf 86' lang='lat' dir='ltr'>dii</span> <span class='ocrx_word' id='word_1_366' title='bbox 606 4138 671 4189; x_wconf 91' lang='lat' dir='ltr'>boni</span> <span class='ocrx_word' id='word_1_367' title='bbox 689 4150 706 4193; x_wconf 88' lang='grc' dir='ltr'><strong><em>ς</em></strong></span> <span class='ocrx_word' id='word_1_368' title='bbox 758 4141 773 4189; x_wconf 80' lang='grc'><strong>7</strong></span> <span class='ocrx_word' id='word_1_369' title='bbox 792 4141 958 4202; x_wconf 85' lang='lat' dir='ltr'>potestatem</span> <span class='ocrx_word' id='word_1_370' title='bbox 976 4141 1053 4185; x_wconf 85' lang='lat' dir='ltr'>tuam</span> <span class='ocrx_word' id='word_1_371' title='bbox 1072 4136 1266 4198; x_wconf 77' lang='lat' dir='ltr'>fortunamque</span> <span class='ocrx_word' id='word_1_372' title='bbox 1284 4141 1360 4186; x_wconf 82' lang='lat' dir='ltr'>tuam</span> 
     </span>
     <span class='ocr_line' id='line_1_39' title="bbox 157 4199 1314 4275; baseline -0.008 -14"><span class='ocrx_word' id='word_1_373' title='bbox 157 4209 190 4275; x_wconf 68' lang='grc' dir='ltr'>β’</span> <span class='ocrx_word' id='word_1_374' title='bbox 242 4211 372 4261; x_wconf 79' lang='grc'><strong>8111111.</strong></span> <span class='ocrx_word' id='word_1_375' title='bbox 392 4208 431 4271; x_wconf 80' lang='grc' dir='ltr'>βς</span> <span class='ocrx_word' id='word_1_376' title='bbox 500 4210 533 4258; x_wconf 83' lang='lat'>10</span> <span class='ocrx_word' id='word_1_377' title='bbox 551 4222 642 4272; x_wconf 86' lang='lat' dir='ltr'>neque</span> <span class='ocrx_word' id='word_1_378' title='bbox 661 4208 734 4257; x_wconf 84' lang='lat' dir='ltr'>enim</span> <span class='ocrx_word' id='word_1_379' title='bbox 754 4205 866 4256; x_wconf 80' lang='lat' dir='ltr'>aliudrl</span> <span class='ocrx_word' id='word_1_380' title='bbox 936 4199 1101 4271; x_wconf 72' lang='grc'><strong>11111111]</strong></span> <span class='ocrx_word' id='word_1_381' title='bbox 1121 4203 1314 4259; x_wconf 75' lang='lat' dir='ltr'>intthe3</span> 
     </span>
     <span class='ocr_line' id='line_1_40' title="bbox 156 4271 1360 4345; baseline -0.007 -14"><span class='ocrx_word' id='word_1_382' title='bbox 156 4282 190 4331; x_wconf 80' lang='lat'>15</span> <span class='ocrx_word' id='word_1_383' title='bbox 208 4280 360 4345; x_wconf 83' lang='lat' dir='ltr'>imperator</span> <span class='ocrx_word' id='word_1_384' title='bbox 377 4276 482 4328; x_wconf 82' lang='lat' dir='ltr'>aliusc</span> <span class='ocrx_word' id='word_1_385' title='bbox 564 4277 596 4326; x_wconf 81' lang='lat'>16</span> <span class='ocrx_word' id='word_1_386' title='bbox 614 4277 709 4341; x_wconf 89' lang='lat' dir='ltr'>opinio</span> <span class='ocrx_word' id='word_1_387' title='bbox 726 4274 771 4325; x_wconf 90' lang='lat' dir='ltr'>illi</span> <span class='ocrx_word' id='word_1_388' title='bbox 792 4279 820 4324; x_wconf 89' lang='lat' dir='ltr'>ct</span> <span class='ocrx_word' id='word_1_389' title='bbox 838 4273 1016 4323; x_wconf 86' lang='lat' dir='ltr'>sanctissimo</span> <span class='ocrx_word' id='word_1_390' title='bbox 1035 4272 1078 4322; x_wconf 91' lang='lat' dir='ltr'>illi</span> <span class='ocrx_word' id='word_1_391' title='bbox 1096 4271 1158 4322; x_wconf 89' lang='lat' dir='ltr'>seni</span> <span class='ocrx_word' id='word_1_392' title='bbox 1174 4273 1191 4321; x_wconf 88' lang='lat' dir='ltr'>b</span> <span class='ocrx_word' id='word_1_393' title='bbox 1278 4287 1360 4337; x_wconf 89' lang='lat' dir='ltr'>quem</span> 
     </span>
     <span class='ocr_line' id='line_1_41' title="bbox 158 4337 1361 4411; baseline -0.006 -12"><span class='ocrx_word' id='word_1_394' title='bbox 158 4349 200 4399; x_wconf 86' lang='lat' dir='ltr'>dii</span> <span class='ocrx_word' id='word_1_395' title='bbox 218 4346 297 4400; x_wconf 83' lang='lat' dir='ltr'>coelo</span> <span class='ocrx_word' id='word_1_396' title='bbox 315 4360 332 4403; x_wconf 88' lang='grc' dir='ltr'><strong><em>ς</em></strong></span> <span class='ocrx_word' id='word_1_397' title='bbox 351 4362 432 4411; x_wconf 86' lang='lat' dir='ltr'>quern</span> <span class='ocrx_word' id='word_1_398' title='bbox 449 4345 489 4395; x_wconf 87' lang='lat' dir='ltr'>dii</span> <span class='ocrx_word' id='word_1_399' title='bbox 506 4343 539 4395; x_wconf 85' lang='lat' dir='ltr'>de</span> <span class='ocrx_word' id='word_1_400' title='bbox 559 4343 619 4395; x_wconf 82' lang='lat' dir='ltr'>eolo</span> <span class='ocrx_word' id='word_1_401' title='bbox 637 4345 708 4394; x_wconf 78' lang='lat' dir='ltr'>Anu</span> <span class='ocrx_word' id='word_1_402' title='bbox 725 4359 804 4409; x_wconf 86' lang='lat' dir='ltr'>quern</span> <span class='ocrx_word' id='word_1_403' title='bbox 823 4341 856 4392; x_wconf 88' lang='lat' dir='ltr'>dc</span> <span class='ocrx_word' id='word_1_404' title='bbox 876 4341 966 4392; x_wconf 87' lang='lat' dir='ltr'>celoe</span> <span class='ocrx_word' id='word_1_405' title='bbox 1036 4341 1067 4390; x_wconf 79' lang='lat'>18</span> <span class='ocrx_word' id='word_1_406' title='bbox 1090 4337 1221 4405; x_wconf 82' lang='lat' dir='ltr'>maximo]</span> <span class='ocrx_word' id='word_1_407' title='bbox 1241 4341 1361 4392; x_wconf 87' lang='lat' dir='ltr'>sanctis-</span> 
     </span>
     <span class='ocr_line' id='line_1_42' title="bbox 155 4408 1360 4479; baseline -0.005 -11"><span class='ocrx_word' id='word_1_408' title='bbox 155 4417 225 4468; x_wconf 85' lang='lat' dir='ltr'>simo</span> <span class='ocrx_word' id='word_1_409' title='bbox 243 4431 258 4466; x_wconf 87' lang='lat' dir='ltr'>e</span> <span class='ocrx_word' id='word_1_410' title='bbox 327 4415 400 4467; x_wconf 80' lang='lat' dir='ltr'>banc</span> <span class='ocrx_word' id='word_1_411' title='bbox 418 4429 527 4479; x_wconf 91' lang='lat' dir='ltr'>quoque</span> <span class='ocrx_word' id='word_1_412' title='bbox 545 4415 754 4464; x_wconf 84' lang='lat' dir='ltr'>uenerationem</span> <span class='ocrx_word' id='word_1_413' title='bbox 775 4413 944 4476; x_wconf 78' lang='lat' dir='ltr'>Cuspiuionus</span> <span class='ocrx_word' id='word_1_414' title='bbox 1029 4412 1062 4459; x_wconf 71' lang='grc'>’13</span> <span class='ocrx_word' id='word_1_415' title='bbox 1080 4414 1108 4459; x_wconf 86' lang='lat' dir='ltr'>tc</span> <span class='ocrx_word' id='word_1_416' title='bbox 1126 4410 1209 4459; x_wconf 87' lang='lat' dir='ltr'>terris</span> <span class='ocrx_word' id='word_1_417' title='bbox 1227 4408 1313 4460; x_wconf 71' lang='lat' dir='ltr'>need</span> <span class='ocrx_word' id='word_1_418' title='bbox 1332 4416 1360 4462; x_wconf 91' lang='lat' dir='ltr'>et</span> 
     </span>
     <span class='ocr_line' id='line_1_43' title="bbox 155 4477 1316 4546; baseline -0.006 -10"><span class='ocrx_word' id='word_1_419' title='bbox 155 4487 240 4536; x_wconf 80' lang='lat' dir='ltr'>terris</span> <span class='ocrx_word' id='word_1_420' title='bbox 251 4487 275 4535; x_wconf 91' lang='lat' dir='ltr'>A</span> <span class='ocrx_word' id='word_1_421' title='bbox 327 4487 360 4536; x_wconf 76' lang='lat'>‘26</span> <span class='ocrx_word' id='word_1_422' title='bbox 373 4484 531 4536; x_wconf 84' lang='lat' dir='ltr'>honestasti</span> <span class='ocrx_word' id='word_1_423' title='bbox 550 4482 588 4546; x_wconf 75' lang='grc' dir='ltr'>βᾶ</span> <span class='ocrx_word' id='word_1_424' title='bbox 606 4482 778 4534; x_wconf 82' lang='lat' dir='ltr'>honestastis</span> <span class='ocrx_word' id='word_1_425' title='bbox 795 4481 827 4542; x_wconf 87' lang='lat' dir='ltr'>A,</span> <span class='ocrx_word' id='word_1_426' title='bbox 846 4496 915 4534; x_wconf 83' lang='lat' dir='ltr'>corr.</span> <span class='ocrx_word' id='word_1_427' title='bbox 934 4479 1090 4530; x_wconf 86' lang='lat' dir='ltr'>honestasti</span> <span class='ocrx_word' id='word_1_428' title='bbox 1108 4493 1123 4527; x_wconf 88' lang='lat' dir='ltr'>c</span> <span class='ocrx_word' id='word_1_429' title='bbox 1140 4477 1282 4529; x_wconf 85' lang='lat' dir='ltr'>honestati</span> <span class='ocrx_word' id='word_1_430' title='bbox 1299 4481 1316 4529; x_wconf 96' lang='grc'>1</span> 
     </span>
     <span class='ocr_line' id='line_1_44' title="bbox 154 4547 1304 4619; baseline -0.004 -16"><span class='ocrx_word' id='word_1_431' title='bbox 154 4552 229 4604; x_wconf 84' lang='lat' dir='ltr'>idem</span> <span class='ocrx_word' id='word_1_432' title='bbox 247 4553 332 4606; x_wconf 86' lang='lat' dir='ltr'>hoec</span> <span class='ocrx_word' id='word_1_433' title='bbox 401 4554 434 4604; x_wconf 72' lang='lat'>28</span> <span class='ocrx_word' id='word_1_434' title='bbox 454 4549 570 4619; x_wconf 86' lang='lat' dir='ltr'>crimen]</span> <span class='ocrx_word' id='word_1_435' title='bbox 591 4567 693 4604; x_wconf 88' lang='lat' dir='ltr'>numen</span> <span class='ocrx_word' id='word_1_436' title='bbox 712 4566 728 4609; x_wconf 85' lang='grc' dir='ltr'><strong>ς</strong></span> <span class='ocrx_word' id='word_1_437' title='bbox 799 4552 831 4602; x_wconf 86' lang='grc'>31</span> <span class='ocrx_word' id='word_1_438' title='bbox 850 4565 904 4600; x_wconf 89' lang='lat' dir='ltr'>uon</span> <span class='ocrx_word' id='word_1_439' title='bbox 924 4550 952 4599; x_wconf 86' lang='lat' dir='ltr'>iu</span> <span class='ocrx_word' id='word_1_440' title='bbox 970 4548 1101 4600; x_wconf 88' lang='lat' dir='ltr'>honorem</span> <span class='ocrx_word' id='word_1_441' title='bbox 1120 4551 1197 4598; x_wconf 89' lang='lat' dir='ltr'>tunm</span> <span class='ocrx_word' id='word_1_442' title='bbox 1215 4564 1261 4600; x_wconf 68' lang='lat' dir='ltr'>ona.</span> <span class='ocrx_word' id='word_1_443' title='bbox 1280 4547 1304 4598; x_wconf 94' lang='lat' dir='ltr'>A</span> 
     </span>
    </p>
   </div>
   <div class='ocr_carea' id='block_1_4' title="bbox 155 4620 553 4685">
    <p class='ocr_par' dir='ltr' id='par_1_4' title="bbox 155 4620 553 4685">
     <span class='ocr_line' id='line_1_45' title="bbox 155 4620 553 4685; baseline -0.01 -11"><span class='ocrx_word' id='word_1_444' title='bbox 155 4621 381 4679; x_wconf 71' lang='grc'><strong>1111111111</strong></span> <span class='ocrx_word' id='word_1_445' title='bbox 399 4623 434 4675; x_wconf 86' lang='grc'>11</span> <span class='ocrx_word' id='word_1_446' title='bbox 452 4621 496 4673; x_wconf 90' lang='lat' dir='ltr'>bis</span> <span class='ocrx_word' id='word_1_447' title='bbox 515 4620 553 4685; x_wconf 71' lang='lat' dir='ltr'>td</span> 
     </span>
    </p>
   </div>
   <div class='ocr_carea' id='block_1_5' title="bbox 0 0 1472 4966">
    <p class='ocr_par' dir='ltr' id='par_1_5' title="bbox 0 0 1472 4966">
     <span class='ocr_line' id='line_1_46' title="bbox 0 0 1472 4966; baseline 0 1"><span class='ocrx_word' id='word_1_448' title='bbox 0 0 1472 4966; x_wconf 95' lang='lat' dir='ltr'> </span> 
     </span>
    </p>
   </div>
  </div>
 </body>
</html>
