2934 4966
168 237 235 302 360
696 253 728 302 c.
751 253 849 303 amm

168 406 281 472 multis
308 410 487 493 antepono,
520 406 606 493 qnod
633 406 712 472 licet
737 408 833 474 uobis
860 411 895 474 et
921 409 957 474 in
984 407 1197 494 praeteritum
1219 407 1261 474 de
1283 406 1380 473 malis

168 510 418 597 imperatoribus
441 509 558 575 cotidie
586 509 745 575 vindicari
773 514 809 577 et
828 512 956 577 futuras
980 511 1041 576 sub
1063 510 1211 597 exemplo
1233 531 1383 597 praemo*

170 633 248 678 uere
269 612 394 678 nullum
416 612 536 696 locum,
563 613 689 678 nullum
718 635 787 679 esse
808 617 952 700 tempus,
980 635 1043 700 quo
1063 613 1269 679 funestorum
1292 612 1381 699 prin·

172 715 280 800 cipum
291 737 403 780 manes
416 737 436 778 a
456 719 658 800 posterorum
678 717 937 782 execrationibus
949 715 1192 802 conquiescant
1223 737 1290 801 quo
1306 736 1381 781 con-

171 818 324 902 stantius,
335 821 445 902 patres
457 817 643 902 conscripti,
661 821 695 883 et
710 817 835 884 dolores
850 823 977 884 nostros
995 821 1029 884 et
1045 815 1164 904 gaudia
1175 817 1383 903 proferamus
1404 836 1415 876 a

173 969 204 986 ..
219 919 490 1006 ‚ingemiscamus
502 918 567 984 illis
579 941 662 1005 quae
672 921 885 1006 patiebamur.
903 921 1000 986 simol
1012 924 1183 1004 utrumqne
1192 918 1383 984 faciendum

172 1025 223 1088 eat
239 1023 299 1088 sub
315 1022 402 1086 bono
416 1021 575 1108 principe.
606 1021 668 1089 hoc
683 1028 807 1090 secreta
821 1028 944 1107 nostra,
960 1022 1023 1089 hoc
1034 1042 1198 1088 sermones
1212 1019 1277 1086 hoc
1292 1020 1384 1106 ipsas

172 1125 352 1211 gratiarum
374 1124 519 1189 actiones
541 1128 645 1210 agant
665 1126 936 1215 meminerint-que
957 1126 1005 1190 sic
1020 1124 1160 1193 maxime
1180 1121 1314 1188 laudari
1335 1123 1384 1188 in-

173 1228 331 1293 columem
351 1226 597 1311 imperatorem,
633 1229 661 1293 si
683 1228 807 1313 priores
835 1250 926 1294 secus
953 1228 1062 1293 meriti
1088 1224 1383 1312 reprehendantur.

172 1351 250 1394 nam
272 1350 345 1394 cum
367 1327 407 1393 de
435 1329 522 1393 malo
549 1329 699 1416 principe
726 1332 848 1416 posteri
869 1333 997 1413 tacent,
1026 1326 1238 1393 manifestum
1259 1331 1315 1393 cst
1335 1349 1416 1393 ean

121 1431 247 1502 54dem
269 1430 377 1496 facere
400 1434 616 1517 praesentem.
665 1435 699 1497 et
725 1432 797 1518 quis
825 1434 892 1498 iam
913 1432 1004 1497 locus
1025 1431 1162 1496 miserae
1185 1429 1384 1497 adulationis

173 1533 330 1599 manebat
350 1533 503 1618 ignaruS,
527 1554 600 1597 cum
621 1533 733 1600 laudes
755 1536 987 1621 imperatorum
1013 1533 1097 1599 ludis
1119 1532 1221 1598 etiam
1241 1535 1278 1597 et
1301 1552 1383 1598 com·

173 1634 385 1700 missionibus
408 1635 666 1720 celebrarentur,
696 1637 893 1702 saltarentur
914 1640 1012 1722 atqua
1032 1636 1069 1700 in
1089 1657 1186 1700 omne
1207 1633 1383 1700 ludibrium

175 1736 367 1802 effeminatis
394 1737 527 1803 vocibus
553 1738 658 1804 modis
685 1739 832 1824 gestibus
858 1735 1113 1825 frangerentur?
1145 1736 1202 1802 sed
1231 1735 1316 1802 illud
1335 1738 1383 1803 iu·

175 1840 329 1926 dignum,
358 1840 443 1924 quod
471 1839 584 1905 eodem
610 1843 756 1926 tempore
784 1842 820 1906 iu
842 1845 958 1907 senatu
980 1843 1014 1906 et
1039 1840 1077 1906 in
1104 1861 1242 1924 scaena,
1271 1839 1316 1905 ab
1336 1838 1412 1905 bi-ra

175 1941 298 2008 strione
320 1946 354 2007 et
376 1965 395 2006 a
418 1942 548 2008 consule
568 1942 797 2009 laudabantur.
827 1948 865 2009 tu
885 1943 999 2030 procul
1021 1966 1041 2007 a
1062 1943 1111 2008 tui
1132 1941 1222 2008 cultu
1242 1941 1382 2009 ludicras

144 2128 145 2131 Ἴ
176 2048 263 2110 artes
284 2045 460 2110 removisti.
498 2045 581 2110 seria
602 2068 681 2133 ergo
702 2051 736 2112 tc
759 2047 904 2112 carmina
925 2047 1092 2131 honorque
1107 2048 1260 2110 aeternus
1283 2067 1382 2110 auna-

176 2147 272 2232 lium,
295 2169 363 2212 non
385 2145 467 2221 haec
481 2148 588 2214 brevis
610 2153 644 2214 et
665 2149 816 2234 pudenda
838 2148 1036 2234 praedicatio
1058 2147 1151 2213 colit:
1183 2148 1265 2233 quin
1287 2147 1383 2214 &am

176 2252 270 2315 tanto
284 2249 406 2314 maiore
428 2271 588 2315 consensu
608 2251 645 2315 in
666 2251 908 2316 venerationem
935 2250 983 2315 tui
1010 2248 1140 2315 theatra
1160 2249 1233 2335 ipsa
1255 2271 1384 2316 consar-
1416 2273 1420 2279 ’

177 2355 274 2438 gent,
297 2355 421 2438 quanto
443 2354 549 2439 magis
571 2353 611 2418 de
633 2356 666 2418 te
687 2374 824 2419 scaenae
846 2352 998 2418 silebunt.
1035 2351 1092 2418 sed
1113 2350 1190 2438 qaid
1213 2373 1275 2439 ego
1297 2351 1415 2422 istuda

178 2453 335 2538 admiror,
360 2476 432 2520 cum
454 2476 509 2519 eos
532 2476 656 2541 quoque
671 2455 809 2521 honores
825 2456 880 2541 qui
901 2454 963 2520 tibi
984 2477 1004 2518 a
1025 2455 1120 2519 nobis
1134 2453 1317 2520 offeruntur
1329 2458 1385 2521 aut

178 2556 320 2623 delibare
341 2556 531 2642 parcissime
553 2560 611 2621 aut
631 2558 764 2622 omniuo
785 2557 889 2622 soleas
911 2555 1083 2623 recusare?
1110 2553 1295 2621 sibilante
1316 2559 1384 2622 tam

178 2659 313 2748 vulgare
320 2709 329 2744 ,
352 2663 421 2724 tam
442 2682 577 2745 parvum
600 2660 636 2725 in
658 2664 775 2725 senatu
790 2659 964 2746 agebatur,
986 2662 1025 2724 ut
1045 2680 1112 2724 nou
1132 2657 1282 2724 laudibus
1297 2659 1384 2745 prin·

180 2763 288 2848 cipum
309 2761 559 2827 immorarentur
573 2763 826 2849 quibuscumque
842 2762 995 2828 censendi
1008 2762 1186 2828 necessitas
1201 2761 1382 2828 accidisset.

180 2866 221 2938 de
247 2864 432 2950 ampliando
460 2886 593 2930 numero
620 2864 837 2952 gladiatorum
865 2868 922 2930 aut
953 2865 992 2930 de
1019 2865 1220 2930 instituendo
1247 2864 1414 2952 collegion

179 2968 345 3033 fabrorum
373 2966 618 3034 consolabamur
650 2971 683 3032 et
712 2968 805 3053 quasi
833 2967 968 3053 prolatis
995 2968 1124 3053 imperii
1151 2967 1271 3032 finibus
1299 2989 1384 3033 nunc

180 3071 332 3158 ingentes
356 3093 450 3137 arcus
473 3092 720 3156 excessurosque
742 3069 938 3155 templorum
951 3069 1123 3157 fastigium
1144 3070 1274 3155 titulos,
1298 3092 1384 3136 nunc

180 3195 308 3239 menses
339 3173 437 3238 etiam
465 3194 526 3238 nec
559 3171 618 3238 hos
652 3172 796 3258 singulos
828 3172 953 3237 nomini
981 3173 1155 3240 Caesarum
1187 3173 1383 3239 dicabamus.

181 3276 393 3361 patiebantur
413 3275 462 3341 illi
485 3278 534 3358 et,
558 3275 650 3361 quasi
666 3274 875 3359 meruissent,
899 3275 1117 3342 laetabantur.
1155 3278 1190 3340 at
1203 3297 1294 3342 nunc
1315 3277 1384 3362 quis

182 3382 330 3444 nostrum
337 3429 346 3463 ,
371 3384 536 3464 tamquam
551 3377 671 3443 oblitus
687 3377 755 3442 eius
770 3376 809 3442 de
824 3399 886 3462 quo
902 3377 1051 3462 refertur,
1075 3378 1228 3445 censendi
1243 3379 1384 3446 officium
1395 3410 1414 3448 a

182 3481 340 3567 principia
373 3480 496 3547 honore
524 3479 708 3546 consumit?
739 3483 815 3544 tuae
843 3479 1073 3547 moderationis
1105 3482 1176 3547 laus
1202 3479 1285 3546 haec
1313 3504 1385 3548 con·

252 3656 471 3723 bproferamus,
495 3655 632 3708 laetemur
648 3655 693 3706 hia
716 3655 815 3720 quibus
835 3653 962 3717 fruimur,
987 3655 1201 3722 ingemiscamus
1218 3655 1278 3707 illis
1296 3657 1385 3723 Carpi·

184 3726 290 3783 manaa:
307 3733 334 3776 et
350 3728 429 3776 simite
448 3727 568 3792 quiddam
586 3726 716 3777 excidisse
733 3725 834 3774 videtur
937 3726 952 3774 ‘1
971 3724 1021 3774 sub
1039 3725 1111 3776 bono
1130 3726 1255 3791 principe
1274 3727 1319 3783 re
1337 3725 1385 3775 sub

183 3794 464 3859 unopriucipedod
532 3793 714 3859 8aguut33
794 3794 910 3843 isacus
929 3793 1167 3847 meritissecum
1186 3794 1385 3845 maritinae

255 3863 286 3912 10
304 3861 337 3912 de
356 3864 438 3916 om.b
542 3868 636 3913 tacent
654 3860 761 3928 posteri
779 3861 814 3910 ad
918 3863 948 3910 11
968 3864 1064 3926 ecquis
1085 3863 1254 3927 cuspinianus
1273 3879 1306 3914 eo
1325 3863 1384 3929 quir

184 3946 253 3980 corr.
271 3933 305 3978 al.
324 3947 389 3981 man.
410 3931 540 3996 ecquisb
611 3934 642 3981 1-2
661 3931 776 3996 ignarus
793 3930 838 3979 Ad
855 3944 957 3994 guarus
975 3929 995 3978 B
1015 3931 1168 3994 guarnlao
1237 3933 1385 3997 imparato·

186 4014 243 4048 rum
260 3999 308 4048 ΑΒ
326 3999 502 4065 imperatoris
521 4013 535 4049 o
552 3999 727 4066 imperatoris
746 4014 806 4048 cum
825 3999 842 4046 d
920 3999 1161 4061 commissionibus
1180 4000 1312 4052 Liuineius
1330 4002 1385 4050 coll.

185 4066 255 4116 Suel.
276 4071 341 4133 Aug.
361 4085 383 4117 c.
401 4071 434 4120 89
454 4069 732 4120 commessationibus
748 4066 838 4116 ssed
920 4069 950 4115 13
969 4065 1158 4133 saltarentqne
1179 4069 1302 4134 atqueB

188 4136 218 4185 16
237 4140 266 4185 tu
284 4136 387 4202 pocula
406 4153 423 4185 a
443 4139 482 4187 tui
501 4137 577 4188 cultu
595 4143 625 4186 tu
652 4137 772 4188 ludicras
798 4136 843 4185 Ad
869 4134 1029 4184 Selwarzius
1183 4137 1217 4186 ts
1243 4131 1383 4201 pudenda]

185 4207 352 4270 perpetuab
425 4209 454 4256 19
473 4207 502 4256 iu
520 4205 616 4269 onst,
635 4208 695 4257 add.
714 4222 731 4255 a
800 4206 832 4254 22
850 4202 1040 4264 deliberaress
1111 4199 1189 4269 ante]
1210 4204 1343 4253 autemB

184 4273 218 4322 26
236 4273 336 4324 tinibus
354 4275 464 4340 imperii
481 4276 504 4325 Δ
572 4277 605 4326 27
624 4288 839 4339 excessurosque
852 4273 916 4322 lad
934 4285 1149 4334 accessurosquc
1168 4285 1183 4320 ο
1201 4273 1386 4324 necessarios·

187 4343 280 4407 quob
348 4343 534 4408 fastigibusss
604 4340 1137 4395 28dicabamus§dicebamusnad
1194 4343 1225 4390 31
1245 4339 1386 4392 laushaec

187 4412 349 4462 constantia
368 4420 472 4476 nostra,
493 4414 544 4464 tibi
565 4413 692 4463 Gesneraa
711 4412 781 4463 haec
804 4410 866 4460 laus
885 4409 1044 4459 constantia
1068 4415 1164 4459 nostra
1185 4417 1212 4456 at
1231 4409 1283 4459 tibi
1301 4410 1386 4460 ssed

186 4477 257 4529 haec
275 4478 337 4532 laus
364 4483 539 4534 constantiae
563 4486 689 4542 nostrae,
719 4481 771 4531 tibi
788 4480 935 4530 Cataaoeas
953 4477 1023 4527 haec
1043 4477 1113 4542 laus,
1133 4492 1187 4526 nou
1206 4481 1382 4530 constantiae

187 4550 309 4617 nostrae,
330 4551 382 4601 tibi
400 4553 506 4619 Lipsius
1257 4574 1284 4606 t
