2934 4966
175 262 240 330 340
702 277 734 329 ι.
756 279 856 329 earm

157 434 287 500 ·odium
315 435 365 500 sui
392 433 578 501 leniendum
599 434 800 500 tumentibus
828 433 932 520 plebis
954 433 1074 499 animis
1094 433 1326 517 obiectabant,
1355 433 1388 498 id

175 542 213 603 tu
240 541 309 603 tam
328 538 486 604 innocens
513 538 633 624 populo
655 537 789 624 dedisti,
819 559 916 624 quam
943 537 1081 624 populus
1103 539 1241 623 accepit.
1266 535 1387 623 paulo

175 639 298 727 minus,
333 645 443 727 patres
474 641 665 726 conscripti,
700 641 842 728 quinque
869 640 960 705 milia
992 641 1210 728 ingenuorum
1238 640 1385 725 fuerunt,

175 765 257 829 quae
283 743 462 809 liberalitas
489 742 648 829 principis
675 745 780 809 nostri
808 743 1019 829 conquisivit,
1054 741 1198 828 invenit,
1234 743 1385 810 adscivit

174 845 209 911 hi
237 845 415 912 subsidium
444 844 617 930 bellorum,
652 848 878 912 ornamentum
909 844 999 931 pacis
1031 844 1170 930 publicis
1198 845 1407 934 sumptibnss

176 948 306 1014 aluntur
328 949 532 1034 patriamque
559 970 627 1014 non
656 953 694 1014 ut
718 948 860 1035 patriam
881 950 1012 1013 ιιιιιιιιι
1038 969 1149 1014 verum
1176 951 1214 1012 ut
1236 946 1392 1016 altricem

175 1072 284 1117 amare
307 1050 509 1117 condiscunt.
547 1073 586 1117 ex
608 1049 659 1117 his
682 1055 806 1135 ιιιιιι,
829 1073 869 1118 ex
890 1050 942 1117 his
963 1051 1069 1118 tribus
1088 1049 1324 1138 replebuntur,
1347 1072 1385 1117 cx

173 1154 224 1220 his
247 1155 438 1241 quandoque
466 1157 643 1220 nascentur
669 1155 785 1240 quibus
807 1153 970 1220 alimentis
998 1175 1079 1240 opus
1106 1175 1174 1220 non
1201 1154 1255 1221 sit
1305 1153 1384 1220 dent

172 1258 251 1342 tibi,
268 1257 403 1343 Caesar,
426 1260 567 1324 aetatem
588 1259 621 1324 di
643 1281 741 1374 quam
762 1259 895 1324 mereris
916 1260 1110 1343 servantque
1128 1257 1277 1323 animum
1289 1279 1386 1344 quern

175 1359 347 1426 dederunt:
388 1363 421 1426 et
453 1364 576 1447 quanto
601 1361 757 1427 maiorem
783 1360 960 1426 infantium
982 1360 1112 1426 turbam
1138 1360 1258 1427 iterum
1287 1363 1417 1449 atqbea

179 1464 298 1529 iterum
336 1463 462 1560 iubebis
495 1464 611 1529 incidi!
646 1467 784 1550 augetur
821 1463 909 1530 enim
940 1462 1064 1530 cotidie
1085 1461 1119 1529 et
1147 1463 1283 1545 ιιιιιιι,
1318 1485 1384 1529 non

76 1647 78 1651 Α
173 1566 249 1652 quia
277 1566 414 1632 cariores
443 1565 631 1651 parentibus
652 1565 762 1652 liberi,
794 1564 850 1632 sed
872 1565 948 1652 quia
979 1565 1122 1654 principi
1144 1559 1240 1632 cives.
1291 1565 1383 1633 dabis

150 1668 358 1756 congiaria,
387 1668 416 1734 si
451 1669 552 1754 voles3
580 1669 761 1755 praestabis
789 1669 962 1754 alimenta,
994 1669 1022 1735 si
1048 1669 1166 1736 voles:
1186 1667 1238 1734 illi
1270 1671 1382 1736 tamen

77 1774 86 1790 '
174 1775 308 1857 propter
329 1773 363 1837 ιι
384 1774 572 1838 nascuntur.

123 1874 166 1940 29
259 1871 370 1940 Instar
402 1895 463 1960 ego
496 1876 611 1960 perpet
611 1873 645 1939 ui
679 1873 838 1960 congiarii
869 1895 943 1940 reor
975 1874 1184 1941 adfluentium
1217 1891 1411 1951 annonast

174 1976 270 2043 huius
292 1971 465 2064 aliquando
488 1997 565 2041 cura
585 1975 739 2062 Pompeio
760 1998 828 2042 non
849 1977 957 2042 minus
976 1976 1103 2043 addidit
1129 1977 1255 2064 gloriae
1284 1999 1379 2064 quam

157 2071 286 2167 ¹pulsus
315 2079 455 2145 ambitus
483 2100 614 2165 campo,
642 2081 775 2144 exactus
800 2079 904 2145 hostis
936 2080 1035 2165 mari,
1069 2079 1177 2146 oriens
1205 2079 1379 2165 triumphis

176 2183 389 2269 occidensque
411 2182 579 2247 lustratus.
602 2203 663 2248 nec
686 2202 761 2247 vcro
782 2181 839 2246 illa
861 2181 986 2248 civilius
1008 2202 1107 2268 quarn
1127 2202 1247 2268 parcns
1269 2185 1378 2248 noster

177 2286 370 2351 auctoritate
393 2284 528 2350 consilio
555 2283 618 2350 fide
640 2283 773 2350 reclusit
802 2285 890 2368 vias,
918 2287 1031 2369 portus
1058 2282 1230 2369 patefecit,
1240 2284 1377 2351 itinera

174 2387 286 2473 terris,
315 2387 464 2453 litoribus
491 2408 596 2471 mara,
628 2385 726 2452 litora
752 2387 835 2452 mari
862 2385 1002 2453 reddidit
987 2386 1235 2472 tdlversasqne
1264 2391 1409 2474 gerasa

174 2488 235 2554 ita
232 2489 435 2558 commercio
457 2488 603 2574 miscunt,
626 2492 665 2554 ut
686 2488 770 2574 quod
786 2488 935 2574 genitum
956 2492 1042 2555 esset
1062 2511 1215 2577 usquam,
1237 2489 1274 2555 id
1295 2489 1378 2576 apud

174 2613 286 2658 omnes
308 2597 368 2658 nat
369 2615 424 2658 um
445 2613 514 2658 esse
536 2591 708 2657 videretur.
738 2612 848 2657 nonne
871 2612 1002 2658 cernere
1023 2592 1176 2658 daturt
1139 2596 1176 2659 ut
1197 2592 1271 2660 sina
1283 2582 1378 2660 ullius

174 2693 294 2760 ιιιιιιιιι
316 2697 420 2761 omnis
442 2694 553 2761 usibus
575 2693 696 2760 nostris
719 2715 823 2759 annus
846 2694 998 2760 exuberet
1004 2693 1022 2758 ι
1049 2696 1169 2781 quippe
1190 2717 1260 2761 non
1282 2699 1319 2762 ut
1341 2716 1378 2761 cr

174 2795 300 2889 hostico
321 2801 434 2884 raptae
456 2797 680 2883 perituraeque
708 2797 744 2861 in
770 2795 894 2863 horreis
921 2818 1041 2863 messes
1062 2797 1262 2885 nequiquam
1284 2798 1378 2888 quiri·

174 2900 321 2966 lantibus
355 2900 450 2967 sociis
485 2900 685 2965 auferuntur.
735 2896 897 2965 devehunt
929 2900 992 2986 ipsi
1024 2900 1109 2986 quod
1135 2903 1224 2966 terra
1252 2901 1407 2988 genuits

143 3071 144 3074 ,
175 3003 259 3089 quod
273 3003 362 3069 sidus
378 3003 474 3088 aluit,
498 3003 583 3088 quod
598 3023 703 3067 annus
718 3001 809 3087 tulit,
833 3024 894 3068 nec
914 3003 1006 3068 novis
1021 3003 1255 3070 indictionibus
1277 3003 1378 3091 pressi

175 3105 217 3171 ad
238 3108 348 3172 vetera
369 3107 492 3173 tributa
513 3105 676 3171 deficiunt.
715 3103 793 3170 emit
814 3104 909 3171 fiscus
936 3105 1091 3192 quidquid
1111 3105 1240 3172 videtur
1263 3127 1376 3173 emere.

173 3205 251 3273 inde
272 3210 399 3294 copiae,
422 3208 498 3274 inde
522 3230 668 3292 annona,
693 3207 732 3272 de
754 3229 817 3292 qua
838 3207 925 3273 inter
945 3208 1100 3276 licentem
1121 3208 1377 3296 vendentemque

71 3369 73 3375 ,
123 3321 167 3386 30
176 3311 363 3397 conveniat,
385 3311 461 3376 inde
483 3310 537 3376 hic
558 3312 691 3376 satietas
712 3331 774 3375 nec
795 3309 898 3376 fames
911 3333 1059 3398 usquam.
1097 3312 1271 3398 Aegyptus
1293 3311 1378 3378 alen·

175 3413 225 3479 dis
253 3414 471 3501 augendisque
499 3413 676 3479 seminibus
703 3414 751 3478 ιιι
778 3412 919 3498 gloriata
947 3418 1016 3500 eat,
1045 3418 1083 3481 ut
1109 3413 1194 3481 nihil
1220 3414 1408 3482 imbribussr

175 3517 326 3602 caeloque
355 3517 499 3602 deberet,
534 3517 691 3603 siquidem
713 3515 843 3601 proprio
876 3539 1003 3603 semper
1031 3539 1127 3584 amne
1154 3517 1290 3603 perfusa
1319 3540 1378 3585 nec

175 3619 239 3683 alio
261 3641 380 3706 genere
403 3642 560 3706 aquarum
588 3620 684 3685 solita
711 3619 939 3705 pinguescere,
966 3643 1063 3706 quam
1090 3643 1171 3707 quas
1192 3622 1266 3708 ipsa
1288 3621 1379 3689 devs

174 3725 282 3809 xerat,
310 3723 412 3788 tantis
441 3723 606 3810 segetibus
634 3721 845 3806 induebatur,
879 3726 917 3788 ut
944 3744 1018 3789 cum
1045 3723 1255 3790 feracissimis
1283 3724 1379 3791 terris

245 4034 470 4087 lobiectabata
539 4035 630 4087 ιιι
622 4047 679 4084 ram
696 4033 870 4084 innocentius
887 4034 911 4082 A
997 4034 1060 4085 hhi
1077 4036 1122 4098 Δβ
1140 4035 1184 4087 his
1201 4036 1239 4086 sd
1256 4037 1314 4088 iit

173 4105 264 4173 8ιιιιι
283 4119 352 4170 opus
372 4120 426 4154 non
445 4104 516 4153 sith
587 4106 620 4156 10
639 4099 678 4170 ιι]
699 4116 798 4168 ergoo
868 4104 899 4152 11
919 4102 1029 4154 iubebis
1051 4103 1139 4154 incidi
1156 4104 1290 4156 Livineius
1308 4103 1378 4155 uida·

174 4160 221 4222 bia
236 4174 324 4223 incidi
342 4173 434 4222 asad
452 4171 560 4223 uidebis
583 4172 694 4223 iubebis
718 4170 805 4222 incidi
825 4170 994 4235 crespinianus
1100 4176 1131 4224 13
1153 4173 1312 4239 praestabis
1331 4173 1379 4224 ali·

174 4249 268 4295 menta
288 4241 312 4291 si
329 4241 404 4292 voles
423 4257 469 4292 om.
488 4243 531 4296 Βς
612 4243 643 4292 15
663 4238 726 4306 ogo]
748 4253 847 4305 ergoe
936 4243 968 4293 19
985 4241 1134 4292 itineribus
1153 4248 1258 4305 terras,
1276 4242 1378 4292 itinera

173 4313 256 4362 terris
274 4311 443 4362 Mommsenio
511 4312 544 4360 23
564 4307 664 4376 annus]
684 4308 811 4360 amnisB
864 4310 1073 4374 exubereturb,
1093 4326 1162 4364 corr.
1180 4313 1215 4360 al
1229 4326 1299 4363 man.
1316 4326 1378 4361 exu-

171 4375 284 4442 ιιιιιιβ
353 4394 416 4431 non
426 4396 460 4431 cx
478 4379 604 4430 hostibus
622 4385 734 4461 raptet
820 4378 854 4427 24
872 4380 1055 4445 nequicquam
1073 4377 1163 4429 Aaou
1245 4380 1387 4443 quiritan-

173 4446 250 4498 tibus
267 4449 355 4500 codex
372 4448 574 4514 Sutisbarpcneis
591 4447 733 4498 Sclaeworff
714 4464 732 4498 ιι
751 4453 777 4498 et
794 4446 925 4497 Livineius
943 4449 1150 4512 queritantibus
1168 4446 1260 4497 sacr
1346 4449 1377 4500 27

174 4513 251 4583 ιιιιιι]
273 4516 340 4567 sinit
357 4519 380 4566 A
449 4511 571 4584 videtur]
592 4517 704 4569 iubetur
722 4517 852 4568 Livineius
921 4518 955 4569 28
973 4517 1091 4570 licentes
1108 4533 1179 4570 corr.
1196 4515 1313 4582 -ιιιιβ

167 4585 232 4636 32
220 4600 285 4654 ipsa
304 4585 438 4654 Lipsius
429 4601 491 4657 ipse
508 4583 600 4638 anor
