2934 4966
569 283 600 335 0·
622 284 719 335 Palm
742 286 789 335 ΕΤ
809 286 960 339 ranam

594 524 718 593 xxm.
744 524 941 619 [xxxiia]

452 646 484 702 c.
503 647 652 704 Paruum
670 650 834 705 raauuo
852 651 1084 705 mreuarour
1436 623 1440 696 l

91 766 102 785 “
143 760 162 823 1
256 761 449 848 Prusenses,
473 765 617 852 domine,
640 768 805 834 balineum
826 768 951 835 babent
972 771 1006 834 et
1026 766 1200 841 sordidum¹
1216 770 1253 835 et
1278 771 1381 835 vetus.
1437 705 1445 854 l

170 863 204 929 id
230 864 341 952 itaque
368 866 574 953 indulgentia
601 873 660 935 tua
681 872 851 938 restituere
878 871 1075 937 desiderant.
1108 891 1173 957 ego
1193 874 1313 938 tamen
1334 895 1383 938 ae·
1439 875 1445 966 ᾗ

171 966 308 1034 stimans
325 1018 332 1034 .
350 1019 358 1034 .
376 1019 384 1034 .
400 990 521 1034 novum
542 971 613 1037 fieri
635 973 762 1059 debere,
785 975 904 1041 videris
920 974 1002 1063 mihi
1022 972 1182 1040 desiderio
1197 992 1315 1039 earum
1335 975 1404 1039 in·⁵
1440 971 1443 1044 l

141 1066 304 1157 Idulgere
327 1093 432 1158 posse.
467 1073 529 1139 erit
551 1075 639 1140 caim
658 1078 797 1161 pecunia
818 1099 858 1143 ex
873 1100 937 1164 qua
960 1077 1035 1162 fiat,
1058 1076 1199 1162 primum
1222 1096 1265 1140 ea
1287 1073 1396 1162 quam
1441 1059 1443 1134 l

135 1250 137 1254 Ι
171 1194 323 1239 reuocare
345 1173 516 1259 aprivatis
539 1180 572 1241 et
594 1177 724 1265 exigere
746 1180 812 1245 ianr
834 1180 945 1265 coepi,
968 1179 1084 1245 deinde
1105 1199 1204 1264 quam
1226 1177 1296 1265 ipsi
1318 1197 1384 1244 era
1437 1242 1444 1271 ὲ

164 1296 251 1360 gare
273 1275 309 1340 in
330 1276 437 1341 oleum
458 1277 562 1363 soliti,
584 1281 692 1365 parati
714 1285 791 1346 sant
812 1281 943 1368 inopus
964 1271 1087 1347 balinei
1109 1278 1278 1366 conferre3
1300 1281 1385 1367 qaod
1438 1280 1442 1321 l

173 1377 293 1464 alioqui
315 1380 349 1443 et
369 1379 514 1466 dignitas
538 1381 679 1448 ciuitatis
702 1386 736 1448 et
758 1384 879 1451 saeculi
899 1384 950 1451 tui
970 1384 1060 1450 nitar
1079 1381 1237 1471 postulat.
1443 1384 1446 1389 ’

610 1552 752 1620 xx1111.
776 1553 938 1645 [risu]
1312 1519 1315 1523 ’
1394 1500 1444 1620 a*

567 1735 570 1741 ¹
611 1677 796 1730 TRAIANUS
813 1677 943 1731 PLINIO
1437 1680 1443 1703 ⁸

260 1789 295 1856 si
322 1791 496 1857 instructio
516 1794 593 1860 nori
619 1794 742 1861 balinei
767 1799 943 1863 oneratura
970 1795 1054 1860 vires
1081 1793 1298 1861 Prusensium
1318 1817 1383 1869 non
1435 1764 1443 1787 l

174 1894 242 1977 esi,
270 1914 439 1977 possumus
469 1894 627 1962 desiderio
655 1919 765 1963 eornm
792 1897 978 1985 indulgere,
1010 1897 1106 1963 modo
1132 1918 1176 1963 ne
1204 1898 1287 1983 quid
1314 1898 1382 1965 idea
1432 1872 1437 1925 l

176 1996 233 2060 aut
260 1995 458 2062 intribuatur
485 1999 669 2065 autminus
696 1999 762 2064 illis
789 2001 825 2066 in
846 2005 1011 2087 posterum
1037 2000 1096 2066 fiat
1118 1999 1164 2066 ad
1180 2001 1382 2067 necessarias

176 2096 391 2184 erogationes.
1313 2148 1316 2153 -
1346 2102 1352 2109 '
1392 2117 1435 2165 ιιι

677 2271 782 2340 XXV·
813 2270 879 2364 [Χ]
1204 2359 1210 2369 .
1430 2354 1436 2373 .

459 2393 491 2446 (l.
507 2395 658 2449 PLINIUS
676 2396 838 2449 TRAIANO
855 2395 1092 2448 lurauaroal
1323 2411 1331 2419 ·
1430 2396 1433 2419 '

263 2509 417 2577 servilius
438 2510 567 2579 Pudens
590 2513 734 2600 legatus,
757 2513 902 2598 domine,
924 2511 1007 2579 VIII
1026 2478 1091 2578 kal.
1116 2511 1316 2580 Decembres
1330 2514 1383 2580 Ni·

179 2613 356 2678 comediam
370 2616 462 2680 uenit
475 2638 589 2702 meque
604 2617 722 2703 longae
737 2615 971 2703 expectationis
987 2615 1205 2683 sollieitudine
1219 2615 1380 2683 liberarit.

662 2787 786 2857 XXVI.
815 2783 897 2876 [XI]
1391 2811 1413 2851 a

462 2909 494 2961 C.
512 2909 663 2964 PLINIUS
681 2910 843 2962 TRAIANO
861 2908 1095 2961 IMPERATORI

151 3041 168 3106 1
266 3027 443 3093 Rosianum
467 3027 655 3114 Geminum,
678 3028 823 3111 domine,
846 3026 1008 3092 artissimo
1030 3026 1163 3092 vinculo
1178 3026 1308 3096 mecum
1330 3033 1383 3095 tua

180 3133 216 3198 in
230 3153 281 3197 me
296 3130 456 3197 beneficia
477 3132 669 3198 iunxerunt:
692 3131 790 3196 habui
806 3130 892 3203 enim
914 3129 1005 3195 illurn
1025 3133 1230 3217 quaestorem
1252 3133 1288 3197 in
1311 3155 1382 3198 con-

181 3236 299 3301 sulatu.
339 3234 402 3299 mei
424 3257 496 3298 sum
518 3233 838 3302 observantissimum
861 3237 1028 3317 expertus:
1060 3236 1189 3299 tantam
1210 3234 1292 3300 mihi
1315 3238 1384 3321 post

183 3336 385 3404 consulatum
407 3337 621 3402 reverentiam
644 3339 790 3420 praestat
812 3338 845 3401 et
866 3334 1015 3420 publicae
1038 3336 1287 3403 necessitudinis
1316 3338 1414 3424 pig-2⁵
1464 3293 1467 3388 l

95 3493 98 3497 «
152 3449 262 3514 2nera
289 3439 426 3526 privatis
455 3439 597 3504 cumulat
624 3438 751 3503 officiis.
791 3460 872 3525 rogo
902 3460 980 3526 ergo
1008 3441 1047 3505 ut
1073 3439 1143 3526 ipse
1165 3440 1252 3525 apud
1274 3443 1308 3505 te
1329 3461 1385 3526 pro

182 3545 344 3632 dignitate
367 3543 435 3608 eius
457 3542 606 3627 precibus
627 3540 708 3606 meis
729 3541 856 3626 faveas,
888 3541 940 3608 eui
962 3545 1010 3627 et,
1039 3541 1144 3628 siquid
1157 3541 1250 3607 -mihi
1271 3542 1384 3625 credis,

182 3647 420 3734 indulgentiam
444 3649 532 3710 tuam
560 3644 661 3709 dabis.
696 3643 787 3709 dabit
812 3645 883 3729 ipse
910 3666 1043 3730 operam
1070 3647 1107 3709 ut
1133 3644 1170 3710 in
1191 3644 1233 3710 iis
1255 3667 1338 3732 quae
1359 3644 1386 3711 ei

183 3750 388 3816 mandaveris
415 3744 538 3813 maiora
564 3750 734 3811 mereatur.
773 3748 953 3831 parciorem
981 3769 1033 3812 me
1061 3747 1098 3812 in
1119 3747 1282 3813 laudando
1310 3748 1386 3813 facit

184 3852 268 3940 quod
283 3874 378 3938 spero
398 3851 459 3916 tibi
483 3854 517 3915 et
538 3849 761 3935 integritatem
783 3848 851 3913 eius
873 3852 906 3914 et
920 3849 1118 3933 probitatem
1140 3853 1175 3916 et
1193 3849 1415 3915 industrianu
1444 3910 1448 3917 .

186 3995 388 4004 -ᾳ---ιμ

253 4044 349 4095 XXIII
367 4045 409 4094 De
428 4041 538 4094 balineo
556 4041 737 4092 Prusensium
755 4054 772 4088 a
840 4043 857 4090 3
876 4045 905 4089 et
922 4038 1058 4090 sordidum
1077 4040 1225 4091 Celaeneus
1243 4046 1287 4091 est
1306 4040 1407 4111 sordig

186 4112 250 4164 dum
266 4127 284 4162 a
352 4117 368 4166 5
386 4118 478 4164 laeana
496 4129 570 4177 quam
587 4112 700 4161 indicaui
716 4110 838 4173 prelium,
857 4111 947 4174 quanli
963 4109 1078 4160 balaeum
1095 4111 1281 4160 realilueurluar
1295 4111 1386 4160 Plinius

68 4210 76 4231 η
186 4183 350 4244 aealr'madal,
369 4199 422 4232 curu
440 4181 516 4230 uer-lla
533 4182 618 4243 finito,
638 4195 673 4229 ear
691 4195 739 4244 quo
758 4180 859 4242 reliqua
874 4178 1036 4241 arridebant,
1056 4181 1186 4229 excidisse
1204 4180 1308 4228 uidelur
1397 4180 1400 4186 '

135 4254 137 4258 '
254 4252 365 4303 XXIIII
384 4253 415 4301 14
434 4249 605 4299 intribuatur
623 4247 718 4298 Aldus²
736 4246 926 4296 intribuantur
944 4260 961 4294 ι
977 4246 1134 4298 intribuant
1153 4247 1301 4298 Calanaeus

254 4320 332 4372 XXV
351 4322 393 4371 De
413 4320 536 4370 aduentu
555 4317 704 4368 Seruiliis

254 4389 345 4441 XXVI
363 4391 418 4440 Pro
436 4388 557 4437 Rosiaaa
576 4385 693 4436 Gemino
711 4398 728 4432 a
846 4386 879 4434 23
897 4381 1152 4435 iunxerunt.illum
1165 4387 1344 4449 quaestorem
1360 4383 1385 4433 iu

188 4457 334 4508 consulatu
352 4457 406 4508 mei
424 4471 484 4507 aum
503 4455 778 4506 observantissimum
797 4457 927 4518 expertus
947 4453 973 4506 I.
991 4453 1021 4503 F.
1035 4453 1178 4504 Gronovius
1264 4454 1299 4504 al
1316 4468 1371 4503 sun

186 4538 292 4646 ιιιιηῶο
310 4540 327 4574 ι
395 4527 428 4577 25
445 4530 473 4576 el
491 4550 523 4560 -
541 4519 679 4590 cumulat]
698 4527 729 4572 nt
746 4549 776 4557 -
797 4522 918 4572 cumulet
938 4522 1084 4573 Calabaeus
1144 4520 1178 4571 28
1196 4520 1226 4571 in
1243 4521 1280 4574 iis
1298 4523 1336 4588 Al

13 4636 16 4641 .
180 4608 212 4645 ιιι
293 4609 311 4644 a
405 4639 408 4646 ,
