2934 4966
367 304 615 356 arnsruasuun
637 304 674 354 11.
699 301 740 352 rs.
763 301 804 353 ru.
827 296 863 366 (a
877 296 1016 365 or-roo)
1078 268 1086 278 ’
1253 287 1295 354 57

24 516 26 520 ι
83 462 232 530 scholam
253 461 352 527 redeo
371 463 406 526 et
426 460 517 526 illum
533 460 751 528 dulcissimam
767 461 910 525 aetatem
931 457 1178 544 quasiresuruo:
1200 461 1296 525 sedeo

83 567 175 633 iuter
195 565 344 649 iuvenes,
368 567 405 630 ut
426 564 585 650 solebam,
609 567 708 650 atque
730 564 829 629 ctiam
843 561 1007 648 experior,
1030 564 1187 648 quantum
1211 562 1297 647 apud

83 669 160 735 illos
193 668 398 734 auctoritatis
431 689 470 734 ex
504 668 619 734 studiis
653 667 802 733 habeam.
845 687 924 733 uam
955 664 1100 752 proxime
1131 663 1327 751 frequenti2

83 771 247 838 auditorio
268 771 356 838 iuter
377 792 412 837 se
434 788 546 838 coram
565 771 676 837 multis
691 770 814 836 ordinis
836 768 941 834 nostri
956 769 1042 833 clare
1063 766 1296 853 loquebanturz

49 874 225 959 sintraui,
256 874 500 960 conticuernut3
528 875 612 962 quod
635 896 702 942 non
724 873 880 940 referrem
887 922 896 957 ,
925 871 988 938 nisi
1013 869 1054 936 ud
1080 869 1209 936 illorum
1230 893 1298 938 rna·

83 977 288 1066 gis..landem
310 1000 409 1064 quam
423 978 594 1046 ,adoream
616 978 816 1064 pertineret,
840 975 959 1042 conisi
973 995 1105 1061 sperare
1126 980 1160 1040 te
1181 967 1297 1040 vellem

83 1102 182 1167 posse
202 1080 315 1147 fratris
338 1080 386 1147 tui
399 1080 493 1146 tilios
515 1081 616 1167 probe
638 1080 773 1147 discere.
803 1079 889 1165 quod
904 1079 1065 1163 superest,
1089 1097 1163 1144 cum
1184 1081 1326 1146 omnes3

84 1183 144 1270 qui
172 1182 369 1286 profitentur
394 1182 542 1268 audiero,
571 1183 648 1269 quid
676 1183 716 1248 de
743 1203 870 1269 quoque
898 1180 1038 1246 sentiam
1064 1179 1205 1245 cambam
1226 1179 1297 1246 effi-

85 1283 252 1372 uiamque,
276 1288 435 1372 qnantum
450 1289 563 1351 tamen
578 1287 663 1371 epist
649 1285 718 1350 tula
734 1283 885 1369 consequi
901 1285 1025 1376 potero,
1048 1282 1109 1348 ut
1099 1303 1170 1369 rpsa
1184 1303 1296 1349 omnes
1353 1295 1358 1303 '

36 1388 214 1456 mandasse
240 1389 392 1455 videaris.
429 1389 531 1455 debeo
559 1390 648 1455 enim
674 1388 752 1473 tibi,
785 1388 886 1454 debeo
913 1385 1086 1452 memoriae
1106 1385 1225 1452 fratris
1248 1385 1328 1454 ruia

83 1492 175 1559 hano
194 1491 308 1577 fidem,
331 1491 394 1559 hoc
416 1493 573 1575 studium,
596 1493 789 1579 praesertim
809 1511 906 1577 super
919 1493 1015 1556 tanta
1035 1511 1082 1556 re.
1119 1510 1198 1559 uam
1218 1489 1297 1576 quid

84 1595 192 1682 magis
215 1596 353 1661 interest
374 1599 501 1680 vestra,
530 1616 626 1682 quam
649 1599 687 1661 ut
712 1595 808 1661 liberi
836 1594 991 1681 (dicerem
1007 1591 1087 1684 dub
1113 1592 1181 1658 nisi
1207 1613 1297 1658 nuno
1387 1594 1391 1600 '

82 1695 160 1764 illos
186 1697 294 1784 magis
327 1699 468 1785 amares)
502 1698 596 1785 digni
628 1699 685 1764 illo
712 1701 823 1784 patre,
857 1701 891 1763 te
923 1700 1041 1783 patruo
1068 1693 1298 1782 reperiantur?

83 1821 187 1887 quum
206 1821 316 1865 eurum
338 1799 434 1884 mihi,
464 1801 564 1866 etiam
593 1801 621 1866 si
649 1823 716 1867 uon
743 1801 949 1885 mandasses,
972 1799 1198 1866 vindicassem.
1235 1803 1327 1869 n'ecb

41 1928 71 1968 ιι
84 1904 204 1991 ignoro
225 1902 447 1990 suscipiendas
470 1904 609 1970 offensas
631 1907 667 1970 in
680 1904 833 1993 eligendo
847 1906 1075 1990 praeceptore,
1097 1902 1153 1968 sed
1168 1902 1297 1986 oportet

81 2016 232 2073 menon
257 2005 353 2072 ruodo
381 2006 519 2072 offensas
540 2027 652 2072 verum
681 2007 778 2072 etiam
808 2006 990 2072 simultates
1017 2026 1077 2092 pro
1105 2003 1219 2070 fratris
1244 2002 1295 2069 tui

81 2109 161 2177 filiis
181 2112 251 2176 um
273 2129 375 2196 aequo
397 2110 507 2176 auimo
529 2110 646 2177 subire·
659 2132 757 2197 quam
777 2113 931 2196 parentes
953 2130 1013 2196 pro
1035 2108 1113 2175 suis.
1150 2106 1231 2174 vale.

552 2276 726 2361 romu(
715 2293 761 2361 a.
768 2291 827 2361 ιιι)
926 2219 975 2333 (0
1080 2369 1083 2376 ¹

436 2403 474 2460 C.
484 2404 634 2459 PLINIUS
654 2403 805 2459 CERIlLI
823 2403 894 2458 SUO
914 2405 941 2460 S.

39 2552 69 2591 ao
166 2522 320 2590 Hortaris
342 2525 379 2589 ut
394 2489 576 2597 orationem
591 2522 703 2588 amicis
724 2522 871 2607 pluribus
886 2523 1029 2588 recitem.
1060 2487 1192 2609 faciam,
1216 2520 1322 2633 quial

82 2625 243 2712 hortaris,
266 2625 412 2711 quumvis
433 2623 861 2703 uehementsddubitem.er
896 2625 1104 2712 nequeenim
1126 2647 1177 2691 me
1199 2647 1322 2711 prae
1304 2632 1324 2675 ⁹

82 2729 164 2795 terit
191 2727 335 2806 actiones
363 2750 445 2814 quae
468 2729 649 2795 recitentur
681 2707 839 2815 impetum
867 2751 996 2795 ornnem
1025 2729 1229 2815 caloremque
1256 2751 1296 2794 ac

80 2853 189 2918 propa-
206 2852 327 2898 norueu
349 2851 449 2897 suum.
463 2830 615 2916 perdere,
638 2835 675 2897 ιιι
696 2853 785 2917 quas·
800 2832 928 2900 soleant
952 2832 1182 2903 commendare
1199 2829 1294 2898 simul

87 2938 123 3001 et
154 2934 330 3001 mceudare
362 2934 506 3001 iudicum
541 2955 726 3019 consessus,
762 2935 932 3001 celebritas
965 2936 1208 3019 aduocatorum,
1243 2954 1296 3000 ex·

39 3039 225 3124 spectatio
247 3041 391 3124 eventus,
415 3038 505 3104 fama
532 3051 600 3104 ιιοιι
613 3039 715 3104 unius.
733 3039 851 3103 actoris
878 3037 1107 3125 diductumque
1129 3037 1169 3103 in
1187 3039 1297 3123 partes

82 3140 285 3207 audientium
308 3141 464 3226 studium,
488 3141 529 3207 ad
550 3141 612 3208 hoc
633 3141 774 3208 dicentis
794 3143 1109 3228 gestus,'incessus,
1132 3140 1294 3206 discursus

81 3243 199 3329 etiam,
222 3244 435 3331 omnibusque
456 3245 598 3312 motibus
627 3243 729 3311 animi
759 3249 996 3312 consentaneus
1025 3244 1118 3332 vigor
1139 3241 1293 3329 eorporis.

149 3524 170 3573 4
185 3521 323 3574 adiutorio
340 3536 357 3586 p
455 3523 528 3574 inter
545 3519 617 3592 sa]'
609 3535 670 3575 ruso
687 3526 715 3574 V
797 3522 893 3574 multis
914 3523 1002 3572 uun
1016 3522 1105 3573 multi.
1116 3523 1204 3586 Epru
1216 3521 1301 3573 multi·

80 3592 167 3648 sede
235 3588 427 3658 loquebantur
439 3590 523 3647 Νι
530 3592 834 3644 ’.ίιιιιιιιιιιιιιιιΙιΐιιαιιὶ
852 3593 1022 3643 iocabuntur
1031 3592 1147 3655 Hlpra
1192 3588 1294 3653 bnon]

79 3672 181 3722 uump
249 3661 420 3711 serenarum
501 3662 591 3711 [lutei
608 3661 737 3728 sperarit
759 3656 895 3712 uellem?
964 3662 1125 3711 rourniso
1194 3660 1296 3725 Squid

80 3730 117 3780 ‹la
137 3743 244 3794 quoque
262 3730 407 3792 lll'llpsa
432 3729 499 3797 quid
526 3729 560 3781 do
584 3736 612 3781 te
632 3732 792 3795 quoqueM
818 3730 885 3793 quid
909 3728 942 3779 de
964 3729 1024 3780 iude
1044 3744 1152 3794 quoquc
1172 3730 1294 3780 lliccord.

79 3797 201 3863 quidde
221 3812 361 3864 quoquot·
463 3801 691 3851 alamannus
795 3798 908 3850 audisse
928 3799 1061 3849 omnesll
1149 3799 1180 3848 12
1199 3803 1296 3852 nostra

77 3868 134 3930 pr*
219 3865 303 3916 liberi
322 3866 483 3919 dicerentur
501 3867 542 3917 tur
559 3868 580 3915 F
603 3867 691 3918 libare
710 3868 851 3919 dicaretur
869 3866 910 3916 tur
927 3881 941 3914 r
1041 3868 1072 3918 13
1090 3881 1199 3916 amaras
1218 3863 1296 3930 digni

77 3935 158 3985 Ὴι
175 3950 270 3986 amere
289 3934 374 4002 digno
391 3940 414 3987 1)
432 3932 562 3987 amares.
587 3940 619 3985 ut
635 3935 752 4001 digniF
780 3949 890 3985 amurca
908 3939 937 3984 et
953 3939 984 3984 ut
1002 3931 1045 4001 (ut
1066 3950 1115 3988 om.
1138 3934 1294 3997 Coronaeus)

77 4003 158 4069 «ligni
175 4016 214 4066 ις
232 4019 341 4058 amores
360 4009 390 4056 et
407 4010 439 4054 ut
456 4005 540 4070 digno
558 4019 572 4052 r
648 4002 697 4054 illo'
715 4008 793 4069 patre
811 4004 895 4069 (patri
912 4001 981 4068 HV)
1000 4010 1027 4054 te
1047 4007 1146 4068 patruo
1163 4000 1296 4051 HVFlla

78 4073 129 4123 illo
148 4082 229 4138 patre
247 4074 332 4131 stlte
350 4075 412 4125 add.
431 4070 460 4136 ς)
488 4079 587 4138 patruo
604 4083 640 4127 ις
667 4072 715 4121 illo
742 4078 823 4136 patre
842 4077 1028 4138 patruoquep
1149 4073 1295 4122 rasuram
1335 4133 1337 4137 .

78 4141 166 4190 stiam
185 4140 267 4205 (etr)
286 4141 310 4190 ai
327 4141 396 4192 mibi
414 4157 468 4192 norr
486 4144 539 4203 pr*
608 4139 809 4191 uindicassclt
879 4142 936 4191 15
928 4157 957 4191 ιιι
976 4140 1154 4206 eligendo·
1175 4138 1296 4191 offensas

77 4224 159 4260 ormr
227 4211 259 4260 17
278 4208 333 4259 lilrs
351 4211 401 4259 vn

149 4277 199 4328 Xl
200 4278 258 4330 1111
278 4280 308 4329 19
327 4277 487 4329 caunum
505 4279 599 4340 Ilpr*:
618 4279 787 4342 inscriptione
805 4278 931 4342 epistulae
953 4280 1047 4329 curioso
1063 4277 1173 4329 Plinius
1192 4273 1296 4327 cereali

38 4345 201 4403 ,arrosal'
220 4348 386 4411 inerrare!
455 4346 686 4403 addubitarem
766 4348 798 4396 ‘22
817 4347 1051 4423 recitenturllfpe.
1120 4345 1241 4397 calorem
1260 4360 1294 4395 ac

76 4426 95 4473 1)
199 4417 232 4467 23
250 4415 365 4482 perdere
384 4419 415 4465 ut
433 4430 502 4480 quas
520 4417 633 4470 Fllrsa
651 4414 765 4480 perdere
784 4420 885 4482 utque
902 4417 925 4464 v
953 4402 1099 4485 perderem
1119 4429 1171 4480 quq
1189 4415 1217 4465 ll
1235 4427 1295 4479 per·

78 4480 145 4532 lora
164 4497 233 4546 quas
252 4489 315 4546 utu
401 4484 649 4536 solentrsoletF
753 4485 786 4533 24
809 4485 941 4534 iudicium
957 4485 1060 4533 uuor
1145 4495 1294 4534 cousensus

78 4547 174 4665 {pr}
245 4555 279 4605 25
297 4569 353 4604 non
371 4553 461 4604 minus
478 4552 514 4616 p*
533 4554 623 4603 minus
646 4567 701 4602 nou
718 4548 754 4599 ι*
824 4551 1070 4619 diductuctumque
1088 4553 1116 4601 li
1133 4551 1295 4603 deductum·

76 4632 94 4681 q
119 4631 133 4665 e
178 4631 192 4666 r
