2934 4966
100 271 102 276 ’
180 285 245 350 302
588 299 741 351 00100
762 301 810 350 rr
830 300 978 351 00000

180 453 362 540 exemplum
376 454 573 539 pertinenti,
596 454 663 520 diri
683 456 811 541 utrique
826 455 913 542 parti
927 457 965 521 01
978 454 1234 540 postulationum
1256 441 1380 520 suarum

179 556 306 622 libellos
327 557 454 623 darent.
484 557 633 623 volebam
653 559 742 625 enim
762 562 797 624 te
818 559 962 645 ipsorum
982 557 1189 643 potissimum
1217 557 1326 623 verbis
1347 578 1382 623 ea

180 679 262 744 quae
289 663 383 724 erant
409 661 576 745 proposita
604 681 808 747 cognoscere.
847 664 881 726 et
907 659 994 726 Dion
1023 658 1153 745 quidem
1179 681 1214 725 se
1235 660 1382 726 daturum

178 760 276 845 dixit,
304 765 337 827 et
363 759 540 847 Eumolpus
568 763 736 848 respondit
758 763 1000 849 complexurum
1027 783 1063 827 se
1089 760 1199 827 libello
1226 783 1313 847 quae
1339 763 1382 828 rei

148 864 170 929 u
177 863 327 950 publicae
348 866 489 949 peteret,
518 855 661 931 ceterum
683 866 768 952 quod
790 865 831 932 ad
853 864 998 951 sepultos
1019 863 1215 950 pertineret,
1243 885 1313 929 non
1334 886 1403 931 aes

178 970 359 1032 cusatorem
387 987 438 1050 se,
468 965 524 1032 sed
558 966 750 1033 advocatum
778 966 870 1034 llari
899 965 1074 1052 Archippi,
1106 966 1197 1031 cuius
1230 965 1382 1032 mandata

176 1069 373 1156 pertulisset.
404 1066 604 1153 Archippus,
632 1071 688 1156 qui
713 1069 874 1156 Eumolpo
901 1069 987 1136 sicut
1008 1067 1164 1134 Prusiade
1191 1068 1380 1153 adsistebat,

178 1172 261 1238 dixit
288 1193 322 1237 se
350 1169 496 1236 libellum
523 1171 685 1238 daturum.
722 1175 769 1238 ita
797 1193 857 1238 nec
884 1170 1062 1256 Eumolpus
1089 1192 1151 1236 nec
1184 1169 1381 1258 Archippus,

82 1357 90 1365 .
177 1295 372 1361 quamquam
392 1272 541 1359 plurimis
563 1274 676 1341 diebus
698 1274 892 1361 expectatis,
919 1273 1025 1340 adhuc
1039 1271 1121 1338 mihi
1141 1272 1269 1339 libellos
1292 1273 1382 1340 dede·
1443 1260 1456 1381 l,

148 1380 271 1461 irunt,
299 1375 386 1442 Dion
414 1375 519 1461 dedit,
547 1398 644 1462 quem
670 1376 747 1443 huic
770 1376 928 1463 epistulae
948 1376 1049 1442 iunxi.
1079 1376 1150 1462 ipse
1171 1375 1208 1440 in
1229 1397 1265 1442 re
1293 1399 1381 1462 prae·
1393 1401 1414 1440 0

178 1478 263 1544 senti
291 1478 338 1543 fui
367 1480 400 1543 et
425 1478 492 1543 vidi
512 1482 604 1545 tuam
632 1501 757 1566 quoque
778 1483 921 1546 statuam
942 1479 979 1544 in
1005 1476 1202 1564 bibliotheca
1229 1479 1380 1565 positam,

177 1581 211 1647 id
233 1584 341 1647 autem
370 1581 490 1667 inquo
513 1582 665 1648 dicuntur
694 1582 813 1669 sepulti
841 1582 927 1649 filius
955 1586 990 1647 et
1009 1602 1090 1646 uxor
1111 1579 1227 1647 Dionis
1248 1581 1285 1647 in
1309 1603 1383 1647 areo
1448 1584 1453 1601 '

149 1682 386 1768 Scollocatum,
414 1706 496 1770 0000
523 1685 703 1770 porticibus
723 1685 911 1751 includitur.
939 1689 989 1770 ts,
1012 1684 1155 1769 domine,
1177 1705 1259 1770 rogo
1272 1687 1312 1749 ut
1332 1705 1382 1749 me
1448 1696 1452 1707 ·

176 1789 213 1854 10
235 1788 296 1873 100
311 1775 484 1873 praecipue
501 1773 620 1873 genere
637 1787 834 1874 cognitionis
855 1808 968 1874 regere
983 1788 1142 1874 digneris,
1167 1808 1240 1851 cum
1262 1787 1383 1872 alioqui
1450 1782 1453 1804 ⁵

178 1912 299 1976 magna
321 1890 365 1954 sit
386 1891 582 1975 expectatio,
612 1893 650 1955 01
670 1912 803 1956 necesse
824 1891 931 1957 estin
953 1912 992 1956 ea
1013 1912 1049 1956 re
1070 1911 1154 1976 0000
1182 1892 1217 1954 01
1242 1889 1281 1955 10
1308 1909 1382 1954 eon·
1395 1911 1417 1952 0

178 1993 299 2057 fessum
320 1993 411 2057 venit
432 1996 465 2057 et
487 1993 642 2078 exemplis
664 1992 859 2058 defenditur.
1450 1986 1453 1996 ’

578 2161 743 2234 uxxxn
774 2161 979 2253 [0010]

609 2285 795 2340 TRAIANUS
817 2285 946 2339 pomo

151 2415 168 2477 l
260 2403 404 2481 Potuisti
425 2426 493 2470 non
509 2404 654 2488 haerere,
677 2404 724 2469 mi
739 2401 886 2470 Secunde
909 2402 1084 2487 carissime,
1107 2402 1193 2469 circa
1207 2402 1241 2469 id
1265 2403 1306 2469 ds
1319 2410 1383 2491 q‘uo

177 2518 229 2573 r‘ne
241 2506 473 2574 consulendum
486 2506 691 2591 existimasti,
708 2528 781 2572 cum
795 2506 996 2592 propositum
1010 2527 1119 2571 meum
1132 2505 1255 2592 optime
1269 2500 1382 2572 noss‘es
1392 2530 1414 2571 0

177 2633 245 2677 000
266 2633 306 2676 ex
327 2612 416 2674 metu
437 2630 499 2675 nec
519 2613 642 2675 terrore
663 2607 831 2674 hominum
846 2612 904 2674 aut
926 2608 1115 2674 criminibus
1129 2606 1312 2674 maiestatis
1332 2628 1380 2674 re

147 2713 357 2785 2101001100
384 2712 508 2777 nomini
540 2734 612 2778 meo
640 2712 817 2798 adquirere.
859 2712 977 2777 omissa
1003 2732 1083 2798 ergo
1114 2732 1152 2775 00
1178 2710 1378 2797 quaestione,

177 2838 276 2902 quam
297 2837 364 2880 non
387 2815 606 2900 admitterem,
635 2814 735 2880 etiam
757 2814 786 2880 si
805 2814 961 2901 exemplis
983 2813 1204 2897 adiuvaretur,
1227 2812 1313 2877 ratio
1333 2818 1379 2877 to
1442 2880 1445 2885 ,

97 2976 100 2982 .
178 2919 243 2985 tius
271 2917 376 3004 operis
404 2917 510 2983 effecti
538 2917 597 2983 sub
626 2939 702 2982 cura
734 2913 814 3008 [tua]
844 2916 1014 2983 Cocceiani
1041 2914 1158 2980 Dionis
1186 2914 1377 2998 excutiatur,

178 3044 252 3088 cum
275 3024 308 3086 01
329 3020 452 3086 utilitas
475 3020 617 3086 civitatis
639 3019 751 3106 erigat
771 3041 834 3084 nec
855 3023 913 3084 aut
932 3022 1060 3084 recuset
1078 3017 1165 3083 Dion
1186 3020 1244 3082 aut
1265 3017 1407 3083 debeata

177 3145 336 3189 recusare.

180 3317 383 3328 ——a

249 3452 498 3521 lpostulationum
516 3452 540 3501 A
556 3451 798 3518 postulatiotinum
815 3466 833 3503 a
902 3454 1171 3519 trecogaosceres
1238 3451 1375 3503 401000

179 3523 331 3590 Eumolpus
349 3540 396 3579 om.
416 3523 575 3574 Octanaeus:
593 3526 623 3573 01
640 3522 792 3587 Eumolpus
808 3549 843 3559 -
859 3522 1035 3588 pertulisset,
1063 3527 1093 3572 et
1108 3521 1266 3587 Archippus
1284 3520 1374 3571 Arsai·

179 3594 227 3645 dus
245 3591 401 3656 Setuesenu
413 3594 446 3642 de
464 3593 575 3644 nonnuli.
601 3593 649 3642 100.
676 3591 726 3641 Cic.
745 3591 814 3644 Ptin.
833 3591 925 3646 From.
946 3590 1278 3656 (Dresd.u.18⁴ll)p.9
1360 3586 1375 3635 5

179 3662 334 3728 pertineret
352 3661 383 3714 G.
403 3661 438 3715 H.
457 3659 614 3722 Schueserus
632 3659 752 3723 pertinet
768 3658 792 3707 A
888 3662 905 3710 0
923 3675 953 3710 se
972 3673 1033 3710 esse
1050 3658 1099 3710 sed
1119 3658 1150 3714 G.
1168 3658 1206 3712 Η.
1224 3657 1374 3720 Sedaeserss

247 3731 345 3781 Flauii
361 3730 384 3779 A
482 3731 496 3779 1
516 3728 564 3792 001
581 3725 732 3793 Eumolpus
749 3728 816 3778 sinit
833 3728 963 3792 prusiade
982 3729 1005 3778 A
1024 3728 1071 3793 qui
1089 3726 1225 3792 Eumolpo
1243 3741 1294 3776 suo
1311 3726 1373 3775 Pru·

179 3796 256 3849 siude
275 3799 421 3849 Beroaldus
440 3797 487 3846 cui
504 3795 655 3860 Eumolpus
672 3798 749 3861 prius
770 3797 914 3847 0010110000
933 3797 977 3846 001
997 3795 1146 3862 Eumolpus
1164 3797 1206 3846 sic
1223 3801 1256 3845 ut
1267 3794 1373 3844 Prusia·

178 3865 231 3916 dae
249 3881 267 3914 e
353 3869 370 3917 8
393 3861 448 3931 ite]
469 3869 500 3914 01
518 3866 650 3914 ,40001000
668 3865 826 3928 Sclceserus
843 3867 860 3914 1.
879 3881 902 3915 c.
920 3866 1036 3928 fortusse
1052 3865 1165 3914 iuterim
1251 3865 1267 3913 9
1286 3874 1372 3926 quoru·

179 3931 274 4000 quam]
294 3949 374 3999 quam
392 3935 415 3981 A
485 3934 627 3998 expectati
645 3947 662 3982 t
736 3935 768 3982 12
786 3932 859 3982 filius
878 3940 913 3983 et·
929 3933 1077 3984 Thomusius
1094 3931 1145 3982 tilii
1164 3933 1226 3982 eius
1244 3936 1273 3981 01
1289 3930 1359 4003 A,

180 4018 246 4053 area
264 4018 281 4051 a
299 4002 361 4052 0100
377 4004 400 4050 A
471 4003 501 4052 15
519 4017 635 4052 neeesse
654 4004 698 4052 cst
715 4000 825 4052 Orellius
842 4016 958 4053 necesse
976 4002 1013 4052 sit
1029 4003 1053 4052 A
1122 4003 1154 4052 16
1177 4015 1229 4052 nec
1248 3992 1372 4060 exemplu!

182 4071 349 4121 Mommsennr
418 4069 577 4120 detenditur
594 4070 751 4122 deliberare
769 4085 787 4120 a

248 4207 381 4260 LXXXII
398 4210 431 4258 22
450 4206 558 4273 adquiri
575 4206 599 4257 A
701 4211 734 4259 24
752 4209 803 4259 sub
822 4212 871 4257 tua
890 4223 958 4258 cura
981 4225 998 4257 0
1017 4203 1283 4259 000001000111000
1303 4199 1370 4276 Cata:

179 4294 259 4329 naeus
276 4279 327 4329 sub
347 4293 411 4329 cura
429 4284 478 4327 tua
490 4276 645 4328 Cocceiano
658 4277 742 4328 Dioni
760 4278 839 4327 editio
852 4276 1010 4327 Basileensis
1023 4277 1073 4327 sub
1087 4278 1218 4326 curatura
1231 4268 1371 4346 Cocceiani

180 4346 280 4398 Dionis
297 4350 407 4399 00010011
425 4346 533 4398 000110ιο
602 4348 635 4396 25
653 4346 764 4396 utilitas
781 4346 907 4396 ciuitatis
925 4346 1021 4411 exigat
1036 4359 1055 4394 a
1071 4341 1182 4395 utilitas
1200 4339 1228 4388 ei
1246 4337 1305 4387 litis
1322 4350 1371 4387 ear·
1435 4398 1440 4409 .

180 4422 229 4484 get
247 4417 269 4466 A
288 4417 398 4468 utilitas
416 4418 477 4467 eius
496 4415 591 4480 exigat
612 4415 757 4468 Beroaldus
774 4409 1295 4481 011111οεῐο101110010010010010000
1322 4454 1325 4459 ,
1436 4418 1440 4457 :
