2934 4966
155 268 217 335 140
356 330 359 335 .
481 254 503 354 ]
676 216 900 335 mm..
1016 260 1021 268 '

88 437 277 527 '9parare
320 459 398 503 nam
429 438 578 505 includor
605 436 767 525 angmtiis
799 427 998 506 commeatus
1028 461 1130 527 eoque
1150 429 1239 527 ipso,
1271 434 1360 525 quod

153 541 339 627 delegatum
353 539 498 607 Cornuto
519 541 615 607 audio
636 541 790 625 officium,
811 540 875 606 mei
898 541 1084 610 admoneor.
1107 541 1203 628 cupio
1225 542 1259 606 ta
1282 560 1362 627 quo-

153 664 214 728 que
235 641 296 708 sub
317 641 403 707 idem
424 645 551 729 tempus
573 643 753 730 Campania
772 645 831 709 tua
850 642 1017 729 remittat,
1043 643 1196 731 nequis,
1227 663 1304 710 cum
1323 640 1360 707 in

76 761 80 770 ·
147 744 267 811 arbem
286 744 421 831 rediero,
446 745 659 813 contubernio
679 749 797 814 nostro·
814 746 883 814 dies
904 750 1029 835 pereat.
1066 746 1150 813 vale.
1266 777 1271 783 ·

666 916 741 986 XV.
817 969 825 986 .

415 1039 447 1098 c.
464 1042 614 1095 nmmos
632 1017 746 1096 esiam
764 918 953 1097 inlisum
972 1031 1045 1095 suo
1063 1040 1092 1095 s.
1225 1020 1231 1029 '
1371 976 1386 1020 ⁵

65 1221 72 1230 ,
124 1157 144 1219 -1
240 1157 321 1225 cum
351 1178 463 1223 versus
494 1161 568 1226 tuos
601 1158 760 1243 aemulor,
792 1162 863 1238 tum
894 1158 1034 1225 maxime
1060 1178 1159 1244 quam
1184 1156 1254 1223 siut
1282 1154 1361 1223 boni

155 1260 310 1345 experior.
355 1263 392 1325 ut
413 1260 500 1326 enim
521 1261 662 1347 pictores
683 1248 853 1347 pulchram
874 1260 1121 1347 absolutamque
1141 1259 1264 1327 faciem
1285 1278 1361 1325 raro

153 1361 218 1427 nisi
238 1362 274 1427 in
295 1362 386 1447 peius
408 1362 581 1449 effingunt,
602 1364 650 1429 ita
663 1385 726 1451 ego
738 1361 781 1428 ab
801 1360 864 1431 hoc
878 1360 1171 1447 archetypolabor
1184 1364 1220 1427 et
1233 1359 1359 1427 decido.

124 1461 216 1549 2quo
238 1464 343 1550 magis
365 1462 477 1530 hortor
497 1468 536 1531 ut
556 1487 655 1552 quum
675 1464 816 1551 plurima
836 1466 983 1550 proferas
998 1483 1081 1551 quae
1101 1462 1225 1531 imitari
1245 1482 1360 1529 omues
1372 1490 1397 1531 u

55 1575 56 1579 ’
156 1561 397 1654 concupiscant,
418 1560 514 1633 nemo
535 1560 594 1635 aut
614 1560 802 1656 panchaimi
822 1567 960 1655 possint
985 1565 1084 1661 ¹vale.

708 1737 799 1806 XVI.
855 1720 918 1798 V

113 1899 116 1906 .
463 1860 912 1945 cmummsamacentmo
932 1861 1003 1915 suo
1022 1860 1051 1914 s.
1215 1916 1220 1926 ,

128 1980 146 2042 l
240 1979 458 2047 Tristissimus
483 1978 565 2046 haec
590 1980 652 2046 tibi
681 1979 789 2047 scribo
821 1978 973 2046 Fundani
998 1978 1104 2045 nostri
1132 1977 1209 2045 tilia·
1232 1976 1360 2045 minore

156 2082 319 2149 defuncta.
359 2103 423 2167 qua
450 2081 558 2167 puella
589 2081 672 2148 nihil
706 2102 860 2167 umquam
886 2081 1051 2166 festivius,
1086 2079 1259 2147 amabilius
1297 2101 1360 2147 nec
1373 2106 1397 2147 u

127 2181 251 2251 2modo
271 2183 418 2269 longiore
439 2184 519 2268 vita,
543 2183 599 2249 sed
619 2206 720 2272 propa
741 2184 989 2254 immortalitate
1003 2182 1136 2270 dignius
1157 2180 1235 2249 vidi.
1279 2177 1362 2249 non·

157 2287 233 2353 dum
254 2307 359 2353 annos
373 2285 638 2372 'quattuordecim
659 2286 860 2374 impleverat,
884 2289 919 2352 et
938 2287 1004 2352 iam
1025 2285 1075 2353 illi
1096 2284 1195 2351 undis
1220 2282 1361 2372 pruden-

125 2460 128 2466 ,
156 2388 215 2474 tia,
237 2387 428 2455 matronalis
449 2390 593 2476 gravitas
621 2392 706 2473 erat,
733 2392 768 2455 et
794 2393 912 2455 tamen
933 2388 1077 2455 suavitas
1103 2385 1258 2475 puellaris
1286 2407 1361 2453 oum

128 2487 310 2584 3virginali
339 2490 542 2573 verecundia
586 2495 624 2557 ut
649 2491 708 2557 illu
739 2491 842 2577 patris
870 2490 1058 2577 cervicibus,
1071 2488 1288 2566 inhaerebat!
1324 2491 1363 2555 ut
1398 2560 1401 2564 ,

156 2614 216 2659 nos
238 2593 358 2660 amicos
379 2576 534 2680 paternos
557 2597 591 2659 et
612 2596 759 2659 amanter
781 2597 815 2660 et
834 2593 978 2659 modeste
1001 2592 1294 2678 complectebaturl
1324 2594 1399 2659 utro

14 2719 17 2723 ·
134 2702 136 2706 ’
157 2696 311 2780 nutrices,
332 2699 371 2762 ut
384 2696 602 2783 paedagogos,
627 2699 663 2761 ut
677 2699 903 2783 praeceptores
918 2717 977 2781 pro
999 2716 1057 2761 suo
1078 2715 1235 2781 quemque
1250 2692 1362 2760 officio

99 2870 103 2877 ,
157 2792 451 2885 ἀίΗςεὴαίῐῘῳιαω
465 2798 618 2879 studiose,
641 2821 738 2884 quam
753 2797 984 2884 intellegenter
1003 2796 1188 2864 lectitabat!
1210 2800 1248 2861 ut
1263 2816 1362 2882 parce

158 2902 377 2988 custoditeque
398 2900 546 2993 ludebat!
580 2922 645 2986 qua
664 2900 722 2967 illa
742 2899 974 2986 temperantia,
1002 2921 1066 2986 qua
1093 2897 1269 2989 patientia,
1297 2919 1362 2983 qus

127 3000 257 3070 tetiam
284 3004 469 3071 constantia
497 3003 707 3069 novissimam
733 3001 960 3068 valetudinem·
978 3002 1072 3069 tulit!
1115 3000 1249 3068 medicis
1270 2999 1362 3066 obse·

158 3104 327 3191 mechatur,
350 3126 502 3188 sororem,
526 3108 653 3193 patrem
667 3104 903 3170 adhortabatur
923 3104 1091 3190 ipsamque
1112 3125 1147 3170 se
1168 3102 1360 3178 destitutam
1372 3127 1400 3169 ss

129 3202 302 3294 beorporis
323 3208 445 3275 viribus
468 3209 579 3295 vigore
600 3208 700 3274 animi
728 3206 920 3272 sustinebat.
965 3206 1095 3277 amavit
1113 3205 1168 3272 hic
1189 3204 1239 3271 illi
1259 3225 1361 3291 usque

158 3309 200 3374 ad
221 3313 400 3376 extremum
421 3331 482 3376 nec
504 3314 562 3376 aut
583 3310 688 3396 spatio
709 3309 905 3376 valetudinis
932 3313 990 3375 aut
1010 3311 1100 3377 metu
1125 3306 1239 3375 mortis
1259 3306 1361 3373 infra·

225 3651 517 3776 tquoquekquomp
586 3655 655 3705 3ne
674 3653 820 3719 quisquam
837 3667 900 3703 cum
917 3654 946 3701 Ι
1380 3671 1382 3674 -

225 3724 277 3776 XV
294 3726 310 3775 6
328 3725 375 3776 As
403 3725 440 3776 10
459 3741 506 3776 om.
523 3724 653 3786 Ebura:
680 3726 785 3788 ‘lectur
806 3729 889 3773 mrtem
911 3721 975 3771 Ilaec
997 3722 1158 3785 epistolem
1174 3737 1220 3779 ma.
1240 3721 1362 3773 Mediam

158 3800 217 3856 post
236 3794 292 3845 XV
293 3798 311 3857 ’‚
328 3796 347 3845 ι’.
365 3810 387 3847 e.
406 3793 483 3844 XIV
496 3793 569 3843 maius
587 3791 715 3852 editionis,
733 3795 794 3856 ‘quo
811 3793 867 3842 loco
886 3806 940 3840 eum
958 3798 983 3840 et
1000 3790 1169 3841 Riocordicni
1185 3791 1268 3841 indere
1283 3790 1362 3853 sistit,

158 3864 202 3927 qui
217 3870 357 3928 praeterea
374 3864 411 3913 cd
427 3862 537 3913 Afflum
548 3859 717 3910 Antoninum
732 3861 855 3924 scriptam
872 3873 929 3909 esse
941 3860 1019 3908 dictt'
1035 3890 1038 3894 -
1071 3859 1088 3909 9
1101 3856 1155 3908 nisi
1168 3857 1288 3922 impeius
1300 3858 1329 3907 1

159 3927 207 3997 ab]
225 3931 260 3982 ob
277 3933 320 3980 Dr
417 3930 606 3994 archetepoll
688 3927 768 3978 labor
785 3932 813 3978 et
832 3926 931 3978 decido
950 3938 984 3982 ις
1001 3925 1098 3977 laboro
1117 3930 1146 3976 et
1164 3923 1264 3976 decido
1282 3925 1362 3987 Hp

124 4020 128 4028 ’
159 3997 253 4049 labore
271 3999 403 4050 decidua
472 4001 503 4049 11
522 3993 582 4064 aut]
605 4002 729 4047 autemr
796 3994 859 4045 vale
875 4011 923 4047 cnr.
942 3997 970 4044 11

226 4101 292 4152 XVI
311 4103 343 4152 14
360 4099 536 4153 Tristulimus
554 4099 625 4151 haec
643 4114 660 4161 p
723 4096 780 4147 filia
799 4097 902 4149 miuore
920 4099 965 4147 Its
983 4096 1039 4147 filis
1057 4113 1132 4147 more
1150 4096 1179 4144 rt
1197 4094 1257 4145 fllia
1274 4093 1376 4160 minor·
1396 4124 1401 4135 ·

159 4181 194 4230 pr
213 4168 272 4221 filia
288 4171 378 4222 minor
395 4174 438 4221 est
456 4172 528 4234 aalys
610 4170 642 4219 15
661 4161 729 4233 qua]
748 4167 821 4231 quir
890 4162 955 4234 nee]
977 4168 1082 4217 enimr
1151 4167 1183 4216 16
1201 4161 1393 4229 longiorill.

227 4253 313 4305 prope
332 4239 577 4290 immortalitates
604 4252 688 4302 prope
716 4237 771 4284 ima
794 4233 966 4286 mortalitate
985 4237 1013 4284 at
1038 4249 1129 4301 paene
1152 4229 1363 4282 immortalitate

159 4302 221 4366 Ilpr
324 4311 355 4358 17
375 4323 447 4358 cuno
466 4306 548 4357 XIIII
565 4307 593 4353 11
696 4301 861 4369 impleuerat
877 4305 925 4352 Ha
941 4303 1104 4368 expleuerat
1120 4302 1181 4363 nur
1279 4298 1363 4350 anilis

160 4372 247 4430 {rsa
265 4375 331 4424 talis
347 4377 391 4437 up
461 4377 491 4425 18
510 4373 711 4424 matronalisl)
798 4373 830 4422 19
848 4370 898 4422 illu
916 4388 964 4423 cut
982 4384 1019 4428 τς
1104 4372 1138 4422 20
1156 4366 1365 4432 complectaba-

161 4444 206 4489 tur
223 4443 245 4490 D
312 4446 343 4492 ‘21
363 4449 394 4493 ut
412 4441 683 4508 paedagogorum
702 4447 731 4492 et
749 4438 911 4506 pedagogos
929 4452 987 4496 rsa
1062 4441 1096 4490 22
1118 4441 1150 4488 ut
1168 4451 1253 4502 parce
1272 4440 1365 4488 custo·

160 4506 274 4574 diteque
292 4509 406 4562 ludebat
424 4528 472 4560 orer.
490 4513 518 4559 11
603 4509 821 4562 ‘ttlaudebatll
902 4506 1263 4574 quapatientiaom.1tpr
1313 4506 1365 4558 ‘st

150 4581 263 4640 patrem
280 4581 331 4629 12
351 4581 457 4649 partim
474 4581 537 4643 Itur
605 4581 639 4630 26
657 4579 780 4645 eorporis
798 4577 842 4629 sui
859 4577 1000 4629 uiribus·
1270 4621 1273 4627 .
