2934 4966
1216 192 1219 197 ι
1324 33 1450 139 Ἰ

296 298 544 364 nrrsruaanuu
558 300 593 348 v.
615 294 641 344 s.
657 284 720 357 (21.)
737 295 780 346 ro.
796 289 863 357 (ua
886 291 922 356 (a
940 292 996 342 105.
1013 288 1073 356 ros)
1231 278 1293 371 135
1393 282 1394 285 ’

82 465 298 544 proposuerat
317 455 415 521 breve
437 454 595 521 edietum:
623 450 820 519 admonebat
845 453 1068 535 accusatores,
1097 448 1293 516 admonebat
1398 461 1405 475 '

49 574 58 610 -·
80 581 156 626 reos
178 560 404 625 exsecuturum
427 579 462 624 se
483 580 567 644 quae
589 559 722 622 senatus
745 553 892 622 consulto
908 553 1165 621 continerentur.
1199 553 1323 620 sube4

80 664 137 727 rat
156 660 263 727 edicto
284 664 417 726 senatus
440 660 637 727 consultum:
674 657 737 725 hoc
758 679 886 742 omnes,
914 656 970 742 qui
991 656 1069 742 quid
1090 656 1215 743 negotii
1235 654 1293 721 ha·

80 762 218 849 herent,
246 763 354 829 iurare
381 763 471 850 priua
498 785 597 850 quam
619 763 758 848 agerent
777 759 976 825 iubebantur
1002 759 1086 824 nihil
1115 781 1149 825 se
1171 759 1214 825 ob
1236 758 1291 823 sd-

54 866 285 933 svocationem
308 866 457 952 cuiquam
479 865 606 931 dedisse
627 861 814 951 promisisse
830 861 964 928 cavisse.
1001 860 1053 926 his
1076 861 1163 928 euim
1184 861 1291 928 verbis
1359 947 1366 956 ἡ
1438 937 1443 942 ,

81 989 123 1034 ac
149 967 238 1033 mille
266 971 436 1054 praetcrea
468 972 503 1034 et
528 966 640 1034 venire
668 964 896 1031 advocationes
926 967 960 1031 et
992 965 1056 1030 emi
1084 964 1290 1030 vetabantur.
1373 1036 1376 1043 p
1403 966 1404 969 ’

80 1071 224 1157 peractis
246 1074 358 1137 tamen
380 1071 522 1158 negotiis
536 1068 787 1165 permittebatur
801 1067 973 1154 pecuniam
988 1067 1160 1161 dumtaxat
1181 1066 1291 1135 decem

80 1171 217 1238 milium·
230 1172 318 1238 dare.
363 1172 425 1239 hoc
447 1173 537 1240 facto
557 1171 696 1258 Nepotis
718 1174 896 1237 commotus
917 1173 1049 1259 praetor
1070 1170 1126 1256 qui
1147 1162 1321 1239 centum-5

80 1274 236 1340 vitalibus
250 1276 423 1361 praesidet,
447 1275 682 1342 deliberaturus
705 1295 749 1340 an
764 1275 952 1360 sequeretur
966 1273 1164 1359 exemplum,
1186 1271 1291 1358 inopi·
1448 1357 1450 1360 Α

42 1400 69 1441 ιο
80 1381 197 1444 natum
217 1374 313 1444 nobis
334 1379 438 1445 otium
460 1379 558 1445 dedit.
595 1377 728 1444 interim
742 1379 814 1442 tota
837 1376 968 1442 civiate
983 1375 1120 1462 Nepotis
1143 1376 1315 1445 edictum6
1342 1430 1348 1436 .

82 1480 228 1566 carpitur
247 1480 408 1553 laudatura
453 1481 554 1549 multi·
571 1480 777 1553 ‘inueni-mus
789 1479 845 1566 qui
868 1501 966 1546 curva
980 1480 1168 1566 corrigeret.
1191 1477 1292 1564 quid?

81 1587 159 1649 ante
180 1583 267 1650 hune
288 1587 455 1669 praetores
476 1605 544 1650 non
558 1583 716 1649 fuerunt?
729 1584 809 1668 quis
826 1584 934 1648 autem
949 1581 1004 1648 hic
1024 1567 1090 1665 est)
1114 1581 1169 1667 qui
1184 1602 1291 1672 emen·
1387 1573 1390 1578 ’
1430 1599 1433 1608 ·

81 1685 138 1752 det
159 1685 307 1771 publicos
328 1685 472 1752 moresl’
509 1686 567 1753 alii
589 1690 704 1751 contm
727 1684 918 1752 ‘rectissime
939 1684 1036 1751 fecit:
1059 1684 1200 1750 initurus
1222 1704 1290 1748 ma·

81 1789 258 1874 gistratm
281 1788 362 1854 iura.
385 1787 555 1874 cognovit,
584 1791 717 1857 senatus
745 1788 894 1854 consulta
920 1787 1020 1874 legit,
1048 1787 1207 1873 reprimit¹
1223 1785 1291 1852 foe·

41 1913 67 1954 rs
81 1891 229 1958 dissimus
262 1891 445 1978 pactiones,
484 1911 554 1973 rem
586 1889 838 1976 pulcherrimam
870 1889 1057 1975 turpissime
1085 1888 1195 1954 venire
1221 1910 1290 1955 non
1395 1968 1401 1976 .

78 1995 228 2080 patitur?
272 1992 356 2059 tales
377 1989 496 2079 ubique
519 2013 700 2078 sermones,
729 1992 785 2079 qui
812 1995 925 2058 tamen
947 1994 1138 2058 alterutram
1159 1991 1195 2056 in
1216 1995 1319 2077 par-7
1425 2012 1432 2018 ’

76 2099 148 2162 tem
170 2119 210 2162 ex
231 2100 349 2163 eventu
370 2095 615 2182 praevalebunt.
660 2098 711 2161 est
731 2096 865 2162 omnino
886 2096 1051 2182 iniquum,
1081 2095 1137 2160 sed
1159 2115 1219 2160 usu
1240 2116 1289 2160 re·

79 2202 226 2285 neptum,
249 2197 334 2285 quod
355 2196 504 2274 honesta,
518 2197 654 2264 comilis
674 2197 729 2263 vel
754 2198 880 2285 trrrpia,
909 2202 1007 2283 prout
1032 2197 1117 2263 male
1139 2200 1197 2263 aut
1216 2218 1290 2281 pro·
1316 2283 1321 2287 ι

80 2322 174 2388 spere
195 2301 332 2384 cedunt,
362 2300 411 2366 ita
432 2299 493 2365 vel
505 2299 689 2386 probantur
714 2300 767 2366 vel
787 2301 1079 2386 reprehenduntur.
1123 2298 1200 2367 inde
1221 2299 1289 2385 ple-
1424 2308 1430 2315 '

39 2426 67 2467 ao
80 2424 215 2489 rumque
247 2402 360 2468 eadem
392 2402 483 2491 faeta
516 2402 611 2495 modo
639 2385 828 2495 diligentiae
860 2403 956 2469 modo
989 2402 1159 2493 vanitatis,
1193 2401 1288 2489 modo

80 2504 243 2571 libertatis
265 2504 360 2571 modo
382 2504 502 2571 furoris
522 2526 644 2571 nomen
665 2504 840 2591 accipiunt.
885 2505 968 2572 vale.
1012 2520 1015 2525 ’
1123 2493 1126 2498 ’
1165 2503 1170 2509 ’
1244 2502 1247 2506 ’

606 2673 647 2742 x·
678 2672 760 2766 ui]
876 2645 879 2650 ’

283 2794 315 2851 0.
328 2797 477 2852 PLINIUS
496 2794 682 2851 SUETOMO
698 2797 942 2863 TRANQUILLO
955 2799 1030 2854 SUO
1050 2798 1081 2852 S.
1113 2796 1114 2799 ’

144 2906 282 2980 'Libera
295 2914 430 2981 tandem
444 2913 788 2999 hendecasyllaborum
803 2937 949 2981 meorum
964 2916 1072 3001 fidem,
1095 2917 1151 3003 qui
1165 2917 1311 3002 scripta]
1354 2963 1359 2969 -
1413 2899 1415 2902 ⁵

36 3020 137 3084 actua
165 3017 388 3100 communibus
422 3017 536 3082 amicis
568 3018 823 3102 spoponderunt.
868 3018 1077 3104 appellantur
1109 3020 1226 3085 cotidie
1254 3023 1287 3085 et

77 3119 289 3206 flagitantem,
317 3140 357 3185 ae
378 3118 445 3185 iarn
465 3118 646 3205 periculum
668 3123 718 3185 est
745 3141 787 3186 ue
816 3125 978 3207 cogantur
1006 3121 1047 3187 ad
1069 3121 1287 3190 exhibendum
1338 3127 1344 3134 '

77 3326 283 3338 “—

122 3465 385 3539 ntpmeposuerat
400 3476 424 3542 p
503 3426 781 3530 ‘lersoenttirust'ffi
861 3464 976 3518 senatus
989 3465 1121 3535 ¹consulto·
1140 3479 1179 3504 -·
1190 3467 1285 3520 edicto
1372 3472 1375 3477 ’

76 3547 127 3586 osa.
145 3530 173 3580 n
219 3534 237 3583 3
256 3530 347 3583 edicto
363 3530 372 3597 t
383 3531 688 3582 sonamus-consultum
768 3531 773 3596 l
788 3532 893 3586 tionem
913 3536 1042 3601 cuiquam
1061 3539 1136 3586 trium
1152 3536 1211 3599 sere
1229 3538 1286 3589 oer-
1433 3538 1438 3545 ’

73 3602 327 3665 παυηκραᾶυῡροει
345 3599 653 3656 senatusconsultum
672 3603 766 3652 relicto·
779 3603 807 3651 n
877 3605 924 3668 qui
943 3603 1009 3670 quid
1022 3605 1130 3672 negotii
1148 3605 1285 3658 haberent

75 3684 94 3720 a
113 3669 237 3733 quisquis
254 3667 398 3733 negotium
416 3668 531 3718 haberet
548 3669 610 3729 upr
724 3673 742 3720 4
759 3677 876 3735 agerent
893 3685 909 3720 a
927 3673 1011 3740 agere
1028 3674 1091 3736 Dpr
1201 3675 1218 3725 6
1237 3674 1283 3725 ad·

74 3733 255 3804 vocationes]
278 3736 479 3788 ,aduocatiouis
497 3734 581 3800 Dur-’¹‘
714 3735 752 3803 et]
772 3744 815 3790 set
833 3741 861 3788 Μ
977 3737 1041 3809 emi]
1074 3741 1180 3792 euimr

74 3803 250 3857 notabantur
266 3800 363 3868 stupa
381 3805 531 3855 uet'ebatur
547 3818 563 3853 r
579 3804 730 3855 notabatur
748 3819 765 3862 ς
845 3812 860 3858 'l
878 3810 1001 3874 peractis
1018 3835 1053 3846 -
1070 3811 1285 3876 permittebatur

76 3889 128 3926 om.
146 3872 190 3934 Dp
259 3873 474 3939 permittebatur
491 3875 538 3921 ttr
556 3874 819 3939 permittebantura
840 3879 1057 3942 permittebats
1136 3880 1218 3944 equi
1235 3896 1283 3932 om.

74 3958 90 3993 r
167 3939 345 4008 ipraesidet
361 3942 444 4004 Dura
461 3942 643 4007 praesidebat
659 3943 687 3990 li
736 3940 806 3994 ’11
824 3944 902 4013 quid]
924 3946 997 4012 qnod
1013 3948 1041 3995 li
1112 3949 1144 3997 14
1160 3948 1223 3998 iura
1241 3963 1284 3999 re·

77 4011 215 4078 cognouit
232 4011 379 4063 Coronaeus
460 4009 637 4061 foedissimas
654 4012 703 4060 Ma
721 4011 885 4065 nouissimos
903 4018 965 4077 Dpr
1052 4015 1084 4066 17
1102 4015 1226 4082 iniquum
1245 4028 1284 4071 ςι

75 4093 244 4200 iniquior!
262 4131 387 4194 iniquom
403 4130 574 4180 tinimicum
590 4133 634 4194 Dp
722 4132 754 4181 18
774 4130 831 4198 aut]
851 4133 922 4183 ain
1011 4136 1042 4186 19
1061 4135 1103 4186 ita
1120 4149 1202 4199 orm

75 4253 229 4321 probantur
245 4254 296 4301 Β
314 4250 469 4317 procedunt
485 4251 546 4312 Dor
615 4214 895 4316 reprehendimur!
963 4257 997 4306 20
1015 4253 1094 4305 modo
1113 4254 1281 4319 diligentiae

74 4320 158 4374 modo
175 4321 313 4373 nouitatis
330 4334 378 4373 om.
395 4321 459 4381 npr

145 4457 172 4508 X
188 4456 223 4508 23
241 4454 405 4509 SUETONI
423 4454 494 4509 SUO
511 4457 547 4519 11,
566 4455 806 4521 TRANQUILLO
826 4456 896 4520 SUO
914 4461 1012 4522 upra:
1039 4462 1175 4525 ‘intepram
1192 4477 1282 4512 nomen

75 4527 240 4578 Suetonium
258 4525 450 4591 Tranquillum
468 4525 573 4576 exhibet
589 4529 616 4577 ia
633 4529 717 4579 indice
734 4528 934 4579 discordianus’
1021 4531 1055 4580 26
1073 4534 1102 4579 et
1119 4528 1282 4596 flagitantur

74 4594 371 4660 nura-efflagitantnr
386 4596 414 4644 n
433 4599 462 4645 et
480 4593 705 4662 efflagitantem
