<?xml version="1.0" encoding="UTF-8"?>
<!DOCTYPE html PUBLIC "-//W3C//DTD XHTML 1.0 Transitional//EN"
    "http://www.w3.org/TR/xhtml1/DTD/xhtml1-transitional.dtd">
<html xmlns="http://www.w3.org/1999/xhtml" xml:lang="en" lang="en">
 <head>
  <title>
</title>
<meta http-equiv="Content-Type" content="text/html;charset=utf-8" />
  <meta name='ocr-system' content='tesseract 3.04.00' />
  <meta name='ocr-capabilities' content='ocr_page ocr_carea ocr_par ocr_line ocrx_word'/>
</head>
<body>
  <div class='ocr_page' id='page_1' title='image "./cplinicaecilise00plingoog_0021.png"; bbox 0 0 2934 4966; ppageno 0'>
   <div class='ocr_carea' id='block_1_1' title="bbox 166 270 870 323">
    <p class='ocr_par' dir='ltr' id='par_1_1' title="bbox 166 270 870 323">
     <span class='ocr_line' id='line_1_1' title="bbox 166 270 870 323; baseline -0.003 -1"><span class='ocrx_word' id='word_1_1' title='bbox 166 275 228 323; x_wconf 85' lang='lat' dir='ltr'>xlv</span> <span class='ocrx_word' id='word_1_2' title='bbox 636 312 637 315; x_wconf 59' lang='grc'>,</span> <span class='ocrx_word' id='word_1_3' title='bbox 659 270 870 322; x_wconf 69' lang='lat' dir='ltr'>PRAEFATIO.</span> 
     </span>
    </p>
   </div>
   <div class='ocr_carea' id='block_1_2' title="bbox 111 422 1429 1022">
    <p class='ocr_par' dir='ltr' id='par_1_2' title="bbox 111 422 1429 1022">
     <span class='ocr_line' id='line_1_2' title="bbox 154 422 1365 511; baseline -0.003 -19"><span class='ocrx_word' id='word_1_4' title='bbox 154 422 273 493; x_wconf 51' lang='lat' dir='ltr'>¹sensus</span> <span class='ocrx_word' id='word_1_5' title='bbox 294 426 331 493; x_wconf 92' lang='lat' dir='ltr'>in</span> <span class='ocrx_word' id='word_1_6' title='bbox 352 423 500 511; x_wconf 83' lang='lat' dir='ltr'>plurimis</span> <span class='ocrx_word' id='word_1_7' title='bbox 522 428 557 490; x_wconf 88' lang='lat' dir='ltr'>et</span> <span class='ocrx_word' id='word_1_8' title='bbox 577 425 778 510; x_wconf 83' lang='lat' dir='ltr'>gravissimis</span> <span class='ocrx_word' id='word_1_9' title='bbox 799 423 887 489; x_wconf 83' lang='lat' dir='ltr'>vitiis</span> <span class='ocrx_word' id='word_1_10' title='bbox 915 422 1023 506; x_wconf 89' lang='lat' dir='ltr'>docet,</span> <span class='ocrx_word' id='word_1_11' title='bbox 1053 422 1121 490; x_wconf 84' lang='lat' dir='ltr'>sive</span> <span class='ocrx_word' id='word_1_12' title='bbox 1142 424 1250 510; x_wconf 90' lang='lat' dir='ltr'>ipsum</span> <span class='ocrx_word' id='word_1_13' title='bbox 1272 426 1365 501; x_wconf 80' lang='lat' dir='ltr'>retus</span> 
     </span>
     <span class='ocr_line' id='line_1_3' title="bbox 111 522 1368 614; baseline -0.004 -19"><span class='ocrx_word' id='word_1_14' title='bbox 111 528 113 532; x_wconf 73' lang='grc'><strong>’</strong></span> <span class='ocrx_word' id='word_1_15' title='bbox 162 528 325 614; x_wconf 86' lang='lat' dir='ltr'>exemplar</span> <span class='ocrx_word' id='word_1_16' title='bbox 346 527 394 592; x_wconf 89' lang='lat' dir='ltr'>ita</span> <span class='ocrx_word' id='word_1_17' title='bbox 417 528 604 611; x_wconf 84' lang='lat' dir='ltr'>corruptum</span> <span class='ocrx_word' id='word_1_18' title='bbox 626 526 693 592; x_wconf 83' lang='lat' dir='ltr'>sive</span> <span class='ocrx_word' id='word_1_19' title='bbox 715 526 758 591; x_wconf 88' lang='lat' dir='ltr'>ab</span> <span class='ocrx_word' id='word_1_20' title='bbox 780 525 931 611; x_wconf 88' lang='lat' dir='ltr'>imperito</span> <span class='ocrx_word' id='word_1_21' title='bbox 953 522 1101 609; x_wconf 90' lang='lat' dir='ltr'>homine,</span> <span class='ocrx_word' id='word_1_22' title='bbox 1127 528 1216 592; x_wconf 89' lang='lat' dir='ltr'>cuius</span> <span class='ocrx_word' id='word_1_23' title='bbox 1231 547 1368 612; x_wconf 85' lang='lat' dir='ltr'>apogra-</span> 
     </span>
     <span class='ocr_line' id='line_1_4' title="bbox 162 626 1370 720; baseline -0.002 -24"><span class='ocrx_word' id='word_1_24' title='bbox 162 630 262 720; x_wconf 93' lang='lat' dir='ltr'>phum</span> <span class='ocrx_word' id='word_1_25' title='bbox 283 627 410 694; x_wconf 86' lang='lat' dir='ltr'>librarii</span> <span class='ocrx_word' id='word_1_26' title='bbox 431 628 534 693; x_wconf 91' lang='lat' dir='ltr'>secuti</span> <span class='ocrx_word' id='word_1_27' title='bbox 556 631 644 712; x_wconf 89' lang='lat' dir='ltr'>sunt,</span> <span class='ocrx_word' id='word_1_28' title='bbox 668 626 866 712; x_wconf 89' lang='lat' dir='ltr'>descriptum</span> <span class='ocrx_word' id='word_1_29' title='bbox 888 628 968 691; x_wconf 86' lang='lat' dir='ltr'>erat.</span> <span class='ocrx_word' id='word_1_30' title='bbox 1000 626 1057 692; x_wconf 88' lang='lat' dir='ltr'>sed</span> <span class='ocrx_word' id='word_1_31' title='bbox 1072 650 1145 693; x_wconf 88' lang='lat' dir='ltr'>cum</span> <span class='ocrx_word' id='word_1_32' title='bbox 1166 629 1202 694; x_wconf 91' lang='lat' dir='ltr'>in</span> <span class='ocrx_word' id='word_1_33' title='bbox 1216 631 1370 716; x_wconf 88' lang='lat' dir='ltr'>quattuor</span> 
     </span>
     <span class='ocr_line' id='line_1_5' title="bbox 160 727 1413 818; baseline -0.001 -22"><span class='ocrx_word' id='word_1_34' title='bbox 160 732 272 818; x_wconf 91' lang='lat' dir='ltr'>primis</span> <span class='ocrx_word' id='word_1_35' title='bbox 293 729 387 796; x_wconf 87' lang='lat' dir='ltr'>libris</span> <span class='ocrx_word' id='word_1_36' title='bbox 410 730 500 796; x_wconf 91' lang='lat' dir='ltr'>etin</span> <span class='ocrx_word' id='word_1_37' title='bbox 521 733 616 816; x_wconf 89' lang='lat' dir='ltr'>parte</span> <span class='ocrx_word' id='word_1_38' title='bbox 637 729 744 815; x_wconf 91' lang='lat' dir='ltr'>quinti</span> <span class='ocrx_word' id='word_1_39' title='bbox 766 727 967 794; x_wconf 78' lang='lat' dir='ltr'>emendatior</span> <span class='ocrx_word' id='word_1_40' title='bbox 995 727 1047 795; x_wconf 84' lang='lat' dir='ltr'>vel</span> <span class='ocrx_word' id='word_1_41' title='bbox 1069 733 1156 796; x_wconf 90' lang='lat' dir='ltr'>certe</span> <span class='ocrx_word' id='word_1_42' title='bbox 1177 730 1306 797; x_wconf 78' lang='lat' dir='ltr'>facilior</span> <span class='ocrx_word' id='word_1_43' title='bbox 1327 730 1368 796; x_wconf 91' lang='lat' dir='ltr'>ad</span> <span class='ocrx_word' id='word_1_44' title='bbox 1411 807 1413 811; x_wconf 11' lang='lat' dir='ltr'>y</span> 
     </span>
     <span class='ocr_line' id='line_1_6' title="bbox 159 830 1367 919; baseline -0.002 -19"><span class='ocrx_word' id='word_1_45' title='bbox 159 830 416 919; x_wconf 81' lang='lat' dir='ltr'>intellegendum</span> <span class='ocrx_word' id='word_1_46' title='bbox 438 831 535 897; x_wconf 91' lang='lat' dir='ltr'>lectio</span> <span class='ocrx_word' id='word_1_47' title='bbox 562 854 581 897; x_wconf 92' lang='lat' dir='ltr'>e</span> <span class='ocrx_word' id='word_1_48' title='bbox 608 831 797 897; x_wconf 81' lang='lat' dir='ltr'>Florentino</span> <span class='ocrx_word' id='word_1_49' title='bbox 824 830 934 898; x_wconf 89' lang='lat' dir='ltr'>codice</span> <span class='ocrx_word' id='word_1_50' title='bbox 961 830 1059 898; x_wconf 90' lang='lat' dir='ltr'>ducta</span> <span class='ocrx_word' id='word_1_51' title='bbox 1087 835 1121 898; x_wconf 89' lang='lat' dir='ltr'>et</span> <span class='ocrx_word' id='word_1_52' title='bbox 1149 833 1367 919; x_wconf 82' lang='lat' dir='ltr'>compluribus</span> 
     </span>
     <span class='ocr_line' id='line_1_7' title="bbox 160 932 1429 1022; baseline 0 -21"><span class='ocrx_word' id='word_1_53' title='bbox 160 934 399 1022; x_wconf 78' lang='lat' dir='ltr'>exemplaribus</span> <span class='ocrx_word' id='word_1_54' title='bbox 419 936 602 1020; x_wconf 83' lang='lat' dir='ltr'>propagata</span> <span class='ocrx_word' id='word_1_55' title='bbox 623 932 765 998; x_wconf 86' lang='lat' dir='ltr'>ferretur</span> <span class='ocrx_word' id='word_1_56' title='bbox 771 981 781 1018; x_wconf 95' lang='lat'>,</span> <span class='ocrx_word' id='word_1_57' title='bbox 810 932 863 998; x_wconf 91' lang='lat' dir='ltr'>his</span> <span class='ocrx_word' id='word_1_58' title='bbox 890 933 1127 1019; x_wconf 80' lang='lat' dir='ltr'>exemplaribus</span> <span class='ocrx_word' id='word_1_59' title='bbox 1149 934 1197 1001; x_wconf 91' lang='lat' dir='ltr'>ita</span> <span class='ocrx_word' id='word_1_60' title='bbox 1218 935 1269 1001; x_wconf 90' lang='lat' dir='ltr'>usi</span> <span class='ocrx_word' id='word_1_61' title='bbox 1283 939 1369 1013; x_wconf 55' lang='lat' dir='ltr'>¹sunt</span> <span class='ocrx_word' id='word_1_62' title='bbox 1425 940 1429 946; x_wconf 81' lang='grc'><strong>’</strong></span> 
     </span>
    </p>
   </div>
   <div class='ocr_carea' id='block_1_3' title="bbox 60 1033 1368 1123">
    <p class='ocr_par' dir='ltr' id='par_1_3' title="bbox 60 1033 1368 1123">
     <span class='ocr_line' id='line_1_8' title="bbox 60 1033 1368 1123; baseline -0.001 -20"><span class='ocrx_word' id='word_1_63' title='bbox 60 1052 64 1056; x_wconf 70' lang='grc'>“</span> <span class='ocrx_word' id='word_1_64' title='bbox 159 1037 302 1123; x_wconf 90' lang='lat' dir='ltr'>librarii,</span> <span class='ocrx_word' id='word_1_65' title='bbox 323 1040 361 1103; x_wconf 89' lang='lat' dir='ltr'>ut</span> <span class='ocrx_word' id='word_1_66' title='bbox 382 1035 433 1101; x_wconf 84' lang='lat' dir='ltr'>rel</span> <span class='ocrx_word' id='word_1_67' title='bbox 455 1033 536 1101; x_wconf 89' lang='lat' dir='ltr'>haec</span> <span class='ocrx_word' id='word_1_68' title='bbox 550 1035 658 1120; x_wconf 88' lang='lat' dir='ltr'>potius</span> <span class='ocrx_word' id='word_1_69' title='bbox 673 1057 771 1120; x_wconf 88' lang='lat' dir='ltr'>quam</span> <span class='ocrx_word' id='word_1_70' title='bbox 785 1040 927 1101; x_wconf 84' lang='lat' dir='ltr'>veterem</span> <span class='ocrx_word' id='word_1_71' title='bbox 949 1040 1023 1102; x_wconf 85' lang='lat' dir='ltr'>octo</span> <span class='ocrx_word' id='word_1_72' title='bbox 1044 1035 1202 1103; x_wconf 91' lang='lat' dir='ltr'>librorum</span> <span class='ocrx_word' id='word_1_73' title='bbox 1225 1037 1368 1114; x_wconf 87' lang='lat' dir='ltr'>codicem</span> 
     </span>
    </p>
   </div>
   <div class='ocr_carea' id='block_1_4' title="bbox 74 1137 1431 4092">
    <p class='ocr_par' dir='ltr' id='par_1_4' title="bbox 74 1137 1431 4092">
     <span class='ocr_line' id='line_1_9' title="bbox 161 1137 1365 1226; baseline -0.001 -20"><span class='ocrx_word' id='word_1_74' title='bbox 161 1140 379 1226; x_wconf 76' lang='lat' dir='ltr'>exprimerent</span> <span class='ocrx_word' id='word_1_75' title='bbox 397 1137 450 1205; x_wconf 84' lang='lat' dir='ltr'>vel</span> <span class='ocrx_word' id='word_1_76' title='bbox 472 1140 657 1222; x_wconf 88' lang='lat' dir='ltr'>corruptam</span> <span class='ocrx_word' id='word_1_77' title='bbox 679 1137 766 1205; x_wconf 85' lang='lat' dir='ltr'>illiu&#39;s</span> <span class='ocrx_word' id='word_1_78' title='bbox 788 1137 982 1225; x_wconf 84' lang='lat' dir='ltr'>scripturam</span> <span class='ocrx_word' id='word_1_79' title='bbox 1011 1161 1051 1204; x_wconf 89' lang='lat' dir='ltr'>ex</span> <span class='ocrx_word' id='word_1_80' title='bbox 1078 1137 1130 1205; x_wconf 87' lang='lat' dir='ltr'>his</span> <span class='ocrx_word' id='word_1_81' title='bbox 1153 1139 1365 1225; x_wconf 85' lang='lat' dir='ltr'>corrigerent.</span> 
     </span>
     <span class='ocr_line' id='line_1_10' title="bbox 160 1238 1368 1332; baseline 0 -25"><span class='ocrx_word' id='word_1_82' title='bbox 160 1243 248 1308; x_wconf 89' lang='lat' dir='ltr'>velut</span> <span class='ocrx_word' id='word_1_83' title='bbox 269 1243 305 1307; x_wconf 92' lang='lat' dir='ltr'>in</span> <span class='ocrx_word' id='word_1_84' title='bbox 327 1240 506 1307; x_wconf 88' lang='lat' dir='ltr'>Oxoniensi</span> <span class='ocrx_word' id='word_1_85' title='bbox 531 1238 655 1325; x_wconf 88' lang='lat' dir='ltr'>codice,</span> <span class='ocrx_word' id='word_1_86' title='bbox 677 1261 741 1326; x_wconf 93' lang='lat' dir='ltr'>quo</span> <span class='ocrx_word' id='word_1_87' title='bbox 757 1239 887 1306; x_wconf 66' lang='lat' dir='ltr'>(lortius</span> <span class='ocrx_word' id='word_1_88' title='bbox 903 1263 979 1306; x_wconf 89' lang='lat' dir='ltr'>usus</span> <span class='ocrx_word' id='word_1_89' title='bbox 995 1244 1060 1324; x_wconf 92' lang='lat' dir='ltr'>est,</span> <span class='ocrx_word' id='word_1_90' title='bbox 1084 1263 1122 1306; x_wconf 91' lang='lat' dir='ltr'>eo</span> <span class='ocrx_word' id='word_1_91' title='bbox 1143 1240 1291 1332; x_wconf 78' lang='lat' dir='ltr'>loco,&#39;in</span> <span class='ocrx_word' id='word_1_92' title='bbox 1305 1263 1368 1326; x_wconf 92' lang='lat' dir='ltr'>quo</span> 
     </span>
     <span class='ocr_line' id='line_1_11' title="bbox 164 1341 1384 1430; baseline -0.002 -19"><span class='ocrx_word' id='word_1_93' title='bbox 164 1347 294 1420; x_wconf 82' lang='lat' dir='ltr'>centum</span> <span class='ocrx_word' id='word_1_94' title='bbox 315 1342 526 1430; x_wconf 86' lang='lat' dir='ltr'>epistularum</span> <span class='ocrx_word' id='word_1_95' title='bbox 540 1343 664 1408; x_wconf 90' lang='lat' dir='ltr'>codices</span> <span class='ocrx_word' id='word_1_96' title='bbox 679 1341 834 1409; x_wconf 83' lang='lat' dir='ltr'>deficiunt</span> <span class='ocrx_word' id='word_1_97' title='bbox 838 1394 848 1428; x_wconf 96' lang='lat'>,</span> <span class='ocrx_word' id='word_1_98' title='bbox 873 1343 967 1429; x_wconf 85' lang='lat' dir='ltr'>epist.</span> <span class='ocrx_word' id='word_1_99' title='bbox 984 1342 1016 1408; x_wconf 87' lang='lat' dir='ltr'>V</span> <span class='ocrx_word' id='word_1_100' title='bbox 1032 1344 1061 1416; x_wconf 77' lang='lat'>7,</span> <span class='ocrx_word' id='word_1_101' title='bbox 1079 1345 1097 1407; x_wconf 91' lang='lat'>1</span> <span class='ocrx_word' id='word_1_102' title='bbox 1113 1343 1227 1409; x_wconf 90' lang='lat' dir='ltr'>eadem</span> <span class='ocrx_word' id='word_1_103' title='bbox 1254 1362 1384 1428; x_wconf 82' lang='lat' dir='ltr'>manu,</span> 
     </span>
     <span class='ocr_line' id='line_1_12' title="bbox 159 1443 1368 1533; baseline 0.001 -22"><span class='ocrx_word' id='word_1_104' title='bbox 159 1469 221 1533; x_wconf 84' lang='lat' dir='ltr'>qua</span> <span class='ocrx_word' id='word_1_105' title='bbox 243 1445 325 1511; x_wconf 91' lang='lat' dir='ltr'>liber</span> <span class='ocrx_word' id='word_1_106' title='bbox 345 1446 486 1530; x_wconf 84' lang='lat' dir='ltr'>scriptus</span> <span class='ocrx_word' id='word_1_107' title='bbox 509 1446 572 1529; x_wconf 87' lang='lat' dir='ltr'>est,</span> <span class='ocrx_word' id='word_1_108' title='bbox 595 1444 786 1510; x_wconf 84' lang='lat' dir='ltr'>adnotatum</span> <span class='ocrx_word' id='word_1_109' title='bbox 807 1443 928 1531; x_wconf 79' lang='lat' dir='ltr'>legitur</span> <span class='ocrx_word' id='word_1_110' title='bbox 948 1449 1103 1525; x_wconf 69' lang='lat' dir='ltr'>tuomque</span> <span class='ocrx_word' id='word_1_111' title='bbox 1123 1452 1285 1527; x_wconf 82' lang='lat' dir='ltr'>exemplar</span> <span class='ocrx_word' id='word_1_112' title='bbox 1302 1450 1368 1524; x_wconf 80' lang='lat' dir='ltr'>suit</span> 
     </span>
     <span class='ocr_line' id='line_1_13' title="bbox 91 1545 1368 1634; baseline -0.001 -20"><span class='ocrx_word' id='word_1_113' title='bbox 91 1580 92 1583; x_wconf 38' lang='lat'>¹</span> <span class='ocrx_word' id='word_1_114' title='bbox 159 1555 235 1614; x_wconf 76' lang='lat' dir='ltr'>sctis</span> <span class='ocrx_word' id='word_1_115' title='bbox 255 1552 456 1614; x_wconf 81' lang='lat' dir='ltr'>emendatum.</span> <span class='ocrx_word' id='word_1_116' title='bbox 492 1548 528 1612; x_wconf 91' lang='lat' dir='ltr'>in</span> <span class='ocrx_word' id='word_1_117' title='bbox 558 1545 667 1613; x_wconf 87' lang='lat' dir='ltr'>codice</span> <span class='ocrx_word' id='word_1_118' title='bbox 689 1550 798 1613; x_wconf 88' lang='lat' dir='ltr'>autem</span> <span class='ocrx_word' id='word_1_119' title='bbox 825 1545 1045 1613; x_wconf 81' lang='lat' dir='ltr'>Laurentiano</span> <span class='ocrx_word' id='word_1_120' title='bbox 1067 1548 1128 1632; x_wconf 86' lang='grc'>47,</span> <span class='ocrx_word' id='word_1_121' title='bbox 1148 1548 1195 1614; x_wconf 66' lang='lat'>‘34</span> <span class='ocrx_word' id='word_1_122' title='bbox 1225 1548 1368 1634; x_wconf 89' lang='lat' dir='ltr'>primum</span> 
     </span>
     <span class='ocr_line' id='line_1_14' title="bbox 162 1648 1367 1737; baseline 0.001 -21"><span class='ocrx_word' id='word_1_123' title='bbox 162 1673 219 1717; x_wconf 91' lang='lat' dir='ltr'>eae</span> <span class='ocrx_word' id='word_1_124' title='bbox 235 1651 392 1736; x_wconf 85' lang='lat' dir='ltr'>epistulae</span> <span class='ocrx_word' id='word_1_125' title='bbox 407 1671 489 1736; x_wconf 87' lang='lat' dir='ltr'>quae</span> <span class='ocrx_word' id='word_1_126' title='bbox 504 1649 540 1715; x_wconf 91' lang='lat' dir='ltr'>in</span> <span class='ocrx_word' id='word_1_127' title='bbox 564 1654 670 1715; x_wconf 85' lang='lat' dir='ltr'>vetere</span> <span class='ocrx_word' id='word_1_128' title='bbox 690 1648 880 1716; x_wconf 83' lang='lat' dir='ltr'>Florentino</span> <span class='ocrx_word' id='word_1_129' title='bbox 902 1653 979 1735; x_wconf 86' lang='lat' dir='ltr'>sunt</span> <span class='ocrx_word' id='word_1_130' title='bbox 1003 1672 1076 1716; x_wconf 93' lang='lat' dir='ltr'>cum</span> <span class='ocrx_word' id='word_1_131' title='bbox 1097 1649 1150 1716; x_wconf 92' lang='lat' dir='ltr'>his</span> <span class='ocrx_word' id='word_1_132' title='bbox 1172 1651 1274 1737; x_wconf 77' lang='lat' dir='ltr'>ipsis„</span> <span class='ocrx_word' id='word_1_133' title='bbox 1287 1674 1367 1737; x_wconf 88' lang='lat' dir='ltr'>quas</span> 
     </span>
     <span class='ocr_line' id='line_1_15' title="bbox 163 1751 1364 1839; baseline -0.001 -20"><span class='ocrx_word' id='word_1_134' title='bbox 163 1756 276 1839; x_wconf 86' lang='lat' dir='ltr'>postea</span> <span class='ocrx_word' id='word_1_135' title='bbox 298 1752 440 1819; x_wconf 88' lang='lat' dir='ltr'>adiectas</span> <span class='ocrx_word' id='word_1_136' title='bbox 462 1773 532 1818; x_wconf 90' lang='lat' dir='ltr'>esse</span> <span class='ocrx_word' id='word_1_137' title='bbox 554 1752 637 1835; x_wconf 90' lang='lat' dir='ltr'>dixi,</span> <span class='ocrx_word' id='word_1_138' title='bbox 661 1751 818 1838; x_wconf 86' lang='lat' dir='ltr'>scriptae,</span> <span class='ocrx_word' id='word_1_139' title='bbox 848 1752 966 1818; x_wconf 91' lang='lat' dir='ltr'>deinde</span> <span class='ocrx_word' id='word_1_140' title='bbox 994 1752 1162 1838; x_wconf 86' lang='lat' dir='ltr'>aliquanto</span> <span class='ocrx_word' id='word_1_141' title='bbox 1184 1753 1364 1819; x_wconf 88' lang='lat' dir='ltr'>recentiore</span> 
     </span>
     <span class='ocr_line' id='line_1_16' title="bbox 158 1853 1368 1940; baseline 0.002 -20"><span class='ocrx_word' id='word_1_142' title='bbox 158 1877 257 1928; x_wconf 88' lang='lat' dir='ltr'>manu</span> <span class='ocrx_word' id='word_1_143' title='bbox 279 1853 576 1940; x_wconf 86' lang='lat' dir='ltr'>reliquaeadditae</span> <span class='ocrx_word' id='word_1_144' title='bbox 603 1856 690 1926; x_wconf 88' lang='lat' dir='ltr'>sunt.</span> <span class='ocrx_word' id='word_1_145' title='bbox 729 1855 762 1918; x_wconf 91' lang='lat' dir='ltr'>et</span> <span class='ocrx_word' id='word_1_146' title='bbox 789 1853 851 1919; x_wconf 89' lang='lat' dir='ltr'>duo</span> <span class='ocrx_word' id='word_1_147' title='bbox 880 1853 935 1919; x_wconf 91' lang='lat' dir='ltr'>alii</span> <span class='ocrx_word' id='word_1_148' title='bbox 958 1853 1171 1920; x_wconf 86' lang='lat' dir='ltr'>Laurentiani</span> <span class='ocrx_word' id='word_1_149' title='bbox 1192 1857 1246 1939; x_wconf 77' lang='lat'>47,</span> <span class='ocrx_word' id='word_1_150' title='bbox 1269 1856 1311 1922; x_wconf 84' lang='lat'>31</span> <span class='ocrx_word' id='word_1_151' title='bbox 1335 1859 1368 1922; x_wconf 88' lang='lat' dir='ltr'>et</span> 
     </span>
     <span class='ocr_line' id='line_1_17' title="bbox 132 1955 1367 2045; baseline 0 -22"><span class='ocrx_word' id='word_1_152' title='bbox 132 1958 217 2042; x_wconf 67' lang='lat' dir='ltr'>dl,</span> <span class='ocrx_word' id='word_1_153' title='bbox 240 1957 414 2043; x_wconf 83' lang='lat' dir='ltr'>inquibus</span> <span class='ocrx_word' id='word_1_154' title='bbox 436 1956 568 2042; x_wconf 89' lang='lat' dir='ltr'>quintus</span> <span class='ocrx_word' id='word_1_155' title='bbox 590 1955 673 2021; x_wconf 88' lang='lat' dir='ltr'>liber</span> <span class='ocrx_word' id='word_1_156' title='bbox 695 1977 768 2021; x_wconf 90' lang='lat' dir='ltr'>cum</span> <span class='ocrx_word' id='word_1_157' title='bbox 791 1959 908 2041; x_wconf 85' lang='lat' dir='ltr'>quarto</span> <span class='ocrx_word' id='word_1_158' title='bbox 931 1957 1123 2023; x_wconf 88' lang='lat' dir='ltr'>coniunctus</span> <span class='ocrx_word' id='word_1_159' title='bbox 1147 1957 1211 2042; x_wconf 90' lang='lat' dir='ltr'>est,</span> <span class='ocrx_word' id='word_1_160' title='bbox 1233 1961 1271 2024; x_wconf 86' lang='lat' dir='ltr'>ut</span> <span class='ocrx_word' id='word_1_161' title='bbox 1295 1980 1367 2045; x_wconf 92' lang='lat' dir='ltr'>sep-</span> 
     </span>
     <span class='ocr_line' id='line_1_18' title="bbox 156 2058 1365 2143; baseline 0.002 -18"><span class='ocrx_word' id='word_1_162' title='bbox 156 2062 223 2125; x_wconf 87' lang='lat' dir='ltr'>tem</span> <span class='ocrx_word' id='word_1_163' title='bbox 244 2059 361 2126; x_wconf 87' lang='lat' dir='ltr'>fierent</span> <span class='ocrx_word' id='word_1_164' title='bbox 387 2058 479 2141; x_wconf 82' lang='lat' dir='ltr'>libri,</span> <span class='ocrx_word' id='word_1_165' title='bbox 508 2058 651 2143; x_wconf 87' lang='lat' dir='ltr'>priorem</span> <span class='ocrx_word' id='word_1_166' title='bbox 678 2060 805 2143; x_wconf 88' lang='lat' dir='ltr'>partem</span> <span class='ocrx_word' id='word_1_167' title='bbox 828 2061 980 2124; x_wconf 90' lang='lat' dir='ltr'>accurate</span> <span class='ocrx_word' id='word_1_168' title='bbox 1001 2080 1019 2124; x_wconf 92' lang='lat' dir='ltr'>e</span> <span class='ocrx_word' id='word_1_169' title='bbox 1040 2059 1231 2126; x_wconf 82' lang='lat' dir='ltr'>Florentino</span> <span class='ocrx_word' id='word_1_170' title='bbox 1253 2060 1365 2127; x_wconf 90' lang='lat' dir='ltr'>codice</span> 
     </span>
     <span class='ocr_line' id='line_1_19' title="bbox 157 2160 1366 2251; baseline 0.004 -25"><span class='ocrx_word' id='word_1_171' title='bbox 157 2161 369 2247; x_wconf 81' lang='lat' dir='ltr'>descriptam,</span> <span class='ocrx_word' id='word_1_172' title='bbox 393 2161 603 2248; x_wconf 90' lang='lat' dir='ltr'>posteriorem</span> <span class='ocrx_word' id='word_1_173' title='bbox 626 2160 739 2226; x_wconf 89' lang='lat' dir='ltr'>ordine</span> <span class='ocrx_word' id='word_1_174' title='bbox 762 2160 973 2246; x_wconf 86' lang='lat' dir='ltr'>epistularum</span> <span class='ocrx_word' id='word_1_175' title='bbox 1001 2162 1138 2228; x_wconf 90' lang='lat' dir='ltr'>subinde</span> <span class='ocrx_word' id='word_1_176' title='bbox 1159 2166 1286 2231; x_wconf 84' lang='lat' dir='ltr'>mutato</span> <span class='ocrx_word' id='word_1_177' title='bbox 1307 2165 1366 2251; x_wconf 87' lang='lat' dir='ltr'>(cf.</span> 
     </span>
     <span class='ocr_line' id='line_1_20' title="bbox 158 2261 1431 2350; baseline 0 -22"><span class='ocrx_word' id='word_1_178' title='bbox 158 2262 298 2330; x_wconf 84' lang='lat' dir='ltr'>Bandin.</span> <span class='ocrx_word' id='word_1_179' title='bbox 323 2263 419 2330; x_wconf 85' lang='lat' dir='ltr'>catal.</span> <span class='ocrx_word' id='word_1_180' title='bbox 445 2263 514 2329; x_wconf 93' lang='lat' dir='ltr'>cod.</span> <span class='ocrx_word' id='word_1_181' title='bbox 537 2262 691 2328; x_wconf 87' lang='lat' dir='ltr'>Laurent.</span> <span class='ocrx_word' id='word_1_182' title='bbox 716 2285 746 2326; x_wconf 84' lang='lat' dir='ltr'>v.</span> <span class='ocrx_word' id='word_1_183' title='bbox 769 2261 804 2344; x_wconf 85' lang='lat' dir='ltr'>Il</span> <span class='ocrx_word' id='word_1_184' title='bbox 825 2285 859 2348; x_wconf 90' lang='lat' dir='ltr'>p.</span> <span class='ocrx_word' id='word_1_185' title='bbox 875 2263 953 2350; x_wconf 81' lang='lat'>419)</span> <span class='ocrx_word' id='word_1_186' title='bbox 977 2286 1017 2329; x_wconf 86' lang='lat' dir='ltr'>ex</span> <span class='ocrx_word' id='word_1_187' title='bbox 1039 2268 1112 2331; x_wconf 86' lang='lat' dir='ltr'>octo</span> <span class='ocrx_word' id='word_1_188' title='bbox 1133 2264 1290 2334; x_wconf 87' lang='lat' dir='ltr'>librorum</span> <span class='ocrx_word' id='word_1_189' title='bbox 1313 2289 1367 2334; x_wconf 91' lang='lat' dir='ltr'>co·</span> <span class='ocrx_word' id='word_1_190' title='bbox 1429 2325 1431 2328; x_wconf 38' lang='lat'>.</span> 
     </span>
     <span class='ocr_line' id='line_1_21' title="bbox 157 2365 1367 2454; baseline 0.004 -23"><span class='ocrx_word' id='word_1_191' title='bbox 157 2365 227 2431; x_wconf 89' lang='lat' dir='ltr'>dice</span> <span class='ocrx_word' id='word_1_192' title='bbox 255 2365 386 2432; x_wconf 85' lang='lat' dir='ltr'>ductam</span> <span class='ocrx_word' id='word_1_193' title='bbox 414 2365 579 2432; x_wconf 90' lang='lat' dir='ltr'>exhibent.</span> <span class='ocrx_word' id='word_1_194' title='bbox 622 2365 678 2431; x_wconf 90' lang='lat' dir='ltr'>sed</span> <span class='ocrx_word' id='word_1_195' title='bbox 712 2365 829 2451; x_wconf 90' lang='lat' dir='ltr'>reliqui</span> <span class='ocrx_word' id='word_1_196' title='bbox 855 2388 980 2452; x_wconf 89' lang='lat' dir='ltr'>quoque</span> <span class='ocrx_word' id='word_1_197' title='bbox 1007 2366 1103 2433; x_wconf 91' lang='lat' dir='ltr'>huius</span> <span class='ocrx_word' id='word_1_198' title='bbox 1130 2371 1262 2454; x_wconf 83' lang='lat' dir='ltr'>generis</span> <span class='ocrx_word' id='word_1_199' title='bbox 1290 2369 1367 2436; x_wconf 90' lang='lat' dir='ltr'>libri</span> 
     </span>
     <span class='ocr_line' id='line_1_22' title="bbox 156 2467 1366 2556; baseline 0.003 -22"><span class='ocrx_word' id='word_1_200' title='bbox 156 2467 224 2534; x_wconf 87' lang='lat' dir='ltr'>fere</span> <span class='ocrx_word' id='word_1_201' title='bbox 246 2491 357 2536; x_wconf 88' lang='lat' dir='ltr'>omnes</span> <span class='ocrx_word' id='word_1_202' title='bbox 379 2467 416 2534; x_wconf 92' lang='lat' dir='ltr'>in</span> <span class='ocrx_word' id='word_1_203' title='bbox 438 2490 476 2534; x_wconf 88' lang='lat' dir='ltr'>ea</span> <span class='ocrx_word' id='word_1_204' title='bbox 490 2472 584 2555; x_wconf 88' lang='lat' dir='ltr'>parte</span> <span class='ocrx_word' id='word_1_205' title='bbox 599 2491 695 2554; x_wconf 86' lang='lat' dir='ltr'>quam</span> <span class='ocrx_word' id='word_1_206' title='bbox 715 2468 782 2533; x_wconf 85' lang='lat' dir='ltr'>dixi</span> <span class='ocrx_word' id='word_1_207' title='bbox 805 2471 862 2533; x_wconf 88' lang='lat' dir='ltr'>aut</span> <span class='ocrx_word' id='word_1_208' title='bbox 878 2467 981 2534; x_wconf 89' lang='lat' dir='ltr'>solam</span> <span class='ocrx_word' id='word_1_209' title='bbox 997 2472 1128 2534; x_wconf 88' lang='lat' dir='ltr'>centum</span> <span class='ocrx_word' id='word_1_210' title='bbox 1151 2471 1366 2556; x_wconf 88' lang='lat' dir='ltr'>epistularum</span> 
     </span>
     <span class='ocr_line' id='line_1_23' title="bbox 156 2570 1392 2659; baseline 0.003 -23"><span class='ocrx_word' id='word_1_211' title='bbox 156 2571 351 2656; x_wconf 88' lang='lat' dir='ltr'>scripturam</span> <span class='ocrx_word' id='word_1_212' title='bbox 373 2575 431 2637; x_wconf 87' lang='lat' dir='ltr'>aut</span> <span class='ocrx_word' id='word_1_213' title='bbox 451 2572 587 2637; x_wconf 85' lang='lat' dir='ltr'>mixtam</span> <span class='ocrx_word' id='word_1_214' title='bbox 609 2593 648 2636; x_wconf 91' lang='lat' dir='ltr'>ex</span> <span class='ocrx_word' id='word_1_215' title='bbox 664 2570 787 2637; x_wconf 89' lang='lat' dir='ltr'>duobus</span> <span class='ocrx_word' id='word_1_216' title='bbox 816 2571 987 2636; x_wconf 82' lang='lat' dir='ltr'>veteribus</span> <span class='ocrx_word' id='word_1_217' title='bbox 1006 2571 1243 2657; x_wconf 87' lang='lat' dir='ltr'>exemplaribus</span> <span class='ocrx_word' id='word_1_218' title='bbox 1271 2595 1366 2659; x_wconf 90' lang='lat' dir='ltr'>prae·</span> <span class='ocrx_word' id='word_1_219' title='bbox 1390 2609 1392 2615; x_wconf 95' lang='lat'>·</span> 
     </span>
     <span class='ocr_line' id='line_1_24' title="bbox 159 2671 1366 2758; baseline 0.002 -19"><span class='ocrx_word' id='word_1_220' title='bbox 159 2672 245 2739; x_wconf 87' lang='lat' dir='ltr'>bent.</span> <span class='ocrx_word' id='word_1_221' title='bbox 281 2689 382 2740; x_wconf 89' lang='lat' dir='ltr'>unum</span> <span class='ocrx_word' id='word_1_222' title='bbox 403 2672 503 2738; x_wconf 88' lang='lat' dir='ltr'>habui</span> <span class='ocrx_word' id='word_1_223' title='bbox 527 2673 684 2757; x_wconf 89' lang='lat' dir='ltr'>codicem,</span> <span class='ocrx_word' id='word_1_224' title='bbox 708 2672 762 2758; x_wconf 90' lang='lat' dir='ltr'>qui</span> <span class='ocrx_word' id='word_1_225' title='bbox 784 2672 820 2737; x_wconf 90' lang='lat' dir='ltr'>in</span> <span class='ocrx_word' id='word_1_226' title='bbox 841 2671 904 2737; x_wconf 87' lang='lat' dir='ltr'>hac</span> <span class='ocrx_word' id='word_1_227' title='bbox 926 2694 1051 2758; x_wconf 92' lang='lat' dir='ltr'>quoque</span> <span class='ocrx_word' id='word_1_228' title='bbox 1066 2678 1159 2758; x_wconf 89' lang='lat' dir='ltr'>parte</span> <span class='ocrx_word' id='word_1_229' title='bbox 1182 2676 1366 2742; x_wconf 87' lang='lat' dir='ltr'>accuratius</span> 
     </span>
     <span class='ocr_line' id='line_1_25' title="bbox 156 2775 1381 2863; baseline -0.001 -23"><span class='ocrx_word' id='word_1_230' title='bbox 156 2797 253 2861; x_wconf 90' lang='lat' dir='ltr'>quam</span> <span class='ocrx_word' id='word_1_231' title='bbox 273 2776 391 2862; x_wconf 89' lang='lat' dir='ltr'>reliqui</span> <span class='ocrx_word' id='word_1_232' title='bbox 412 2776 606 2863; x_wconf 83' lang='lat' dir='ltr'>scripturam</span> <span class='ocrx_word' id='word_1_233' title='bbox 628 2777 745 2842; x_wconf 85' lang='lat' dir='ltr'>veteris</span> <span class='ocrx_word' id='word_1_234' title='bbox 767 2780 840 2841; x_wconf 93' lang='lat' dir='ltr'>octo</span> <span class='ocrx_word' id='word_1_235' title='bbox 855 2775 1011 2840; x_wconf 93' lang='lat' dir='ltr'>librorum</span> <span class='ocrx_word' id='word_1_236' title='bbox 1026 2778 1220 2861; x_wconf 87' lang='lat' dir='ltr'>exemplaris</span> <span class='ocrx_word' id='word_1_237' title='bbox 1242 2777 1381 2854; x_wconf 63' lang='lat' dir='ltr'>referre,</span> 
     </span>
     <span class='ocr_line' id='line_1_26' title="bbox 157 2877 1384 2969; baseline 0.002 -26"><span class='ocrx_word' id='word_1_238' title='bbox 157 2878 300 2962; x_wconf 85' lang='lat' dir='ltr'>videtur,</span> <span class='ocrx_word' id='word_1_239' title='bbox 324 2877 595 2946; x_wconf 87' lang='lat' dir='ltr'>Dresdensem</span> <span class='ocrx_word' id='word_1_240' title='bbox 618 2879 652 2944; x_wconf 93' lang='lat' dir='ltr'>D·</span> <span class='ocrx_word' id='word_1_241' title='bbox 673 2879 751 2963; x_wconf 90' lang='grc'>166,</span> <span class='ocrx_word' id='word_1_242' title='bbox 774 2879 1057 2944; x_wconf 88' lang='lat' dir='ltr'>membranaceum</span> <span class='ocrx_word' id='word_1_243' title='bbox 1079 2878 1184 2945; x_wconf 87' lang='lat' dir='ltr'>forma</span> <span class='ocrx_word' id='word_1_244' title='bbox 1205 2880 1384 2969; x_wconf 86' lang='lat' dir='ltr'>quadrata</span> 
     </span>
     <span class='ocr_line' id='line_1_27' title="bbox 156 2980 1361 3069; baseline 0.003 -24"><span class='ocrx_word' id='word_1_245' title='bbox 156 2981 270 3066; x_wconf 89' lang='lat' dir='ltr'>quinto</span> <span class='ocrx_word' id='word_1_246' title='bbox 293 2981 416 3048; x_wconf 91' lang='lat' dir='ltr'>decimo</span> <span class='ocrx_word' id='word_1_247' title='bbox 439 2982 567 3049; x_wconf 87' lang='lat' dir='ltr'>saeculo</span> <span class='ocrx_word' id='word_1_248' title='bbox 589 2982 624 3047; x_wconf 93' lang='lat' dir='ltr'>in</span> <span class='ocrx_word' id='word_1_249' title='bbox 646 2980 744 3047; x_wconf 88' lang='lat' dir='ltr'>Italia</span> <span class='ocrx_word' id='word_1_250' title='bbox 760 2981 933 3066; x_wconf 88' lang='lat' dir='ltr'>scriptum,</span> <span class='ocrx_word' id='word_1_251' title='bbox 957 2981 1012 3066; x_wconf 89' lang='lat' dir='ltr'>qui</span> <span class='ocrx_word' id='word_1_252' title='bbox 1027 2980 1092 3045; x_wconf 85' lang='lat' dir='ltr'>fuit</span> <span class='ocrx_word' id='word_1_253' title='bbox 1114 2981 1193 3046; x_wconf 88' lang='lat' dir='ltr'>olim</span> <span class='ocrx_word' id='word_1_254' title='bbox 1207 2981 1361 3069; x_wconf 78' lang='lat' dir='ltr'>Casperis</span> 
     </span>
     <span class='ocr_line' id='line_1_28' title="bbox 157 3077 1364 3171; baseline 0.004 -25"><span class='ocrx_word' id='word_1_255' title='bbox 157 3082 294 3150; x_wconf 87' lang='lat' dir='ltr'>Barthii.</span> <span class='ocrx_word' id='word_1_256' title='bbox 338 3085 373 3150; x_wconf 91' lang='lat' dir='ltr'>in</span> <span class='ocrx_word' id='word_1_257' title='bbox 396 3106 435 3150; x_wconf 91' lang='lat' dir='ltr'>eo</span> <span class='ocrx_word' id='word_1_258' title='bbox 456 3086 542 3151; x_wconf 91' lang='lat' dir='ltr'>enim</span> <span class='ocrx_word' id='word_1_259' title='bbox 563 3077 703 3171; x_wconf 87' lang='lat' dir='ltr'>pristina</span> <span class='ocrx_word' id='word_1_260' title='bbox 725 3084 886 3168; x_wconf 87' lang='lat' dir='ltr'>scriptura</span> <span class='ocrx_word' id='word_1_261' title='bbox 907 3087 1021 3169; x_wconf 84' lang='lat' dir='ltr'>postea</span> <span class='ocrx_word' id='word_1_262' title='bbox 1043 3081 1107 3147; x_wconf 90' lang='lat' dir='ltr'>alia</span> <span class='ocrx_word' id='word_1_263' title='bbox 1129 3106 1229 3149; x_wconf 91' lang='lat' dir='ltr'>manu</span> <span class='ocrx_word' id='word_1_264' title='bbox 1251 3084 1290 3150; x_wconf 91' lang='lat' dir='ltr'>de</span> <span class='ocrx_word' id='word_1_265' title='bbox 1313 3107 1364 3151; x_wconf 93' lang='lat' dir='ltr'>co-</span> 
     </span>
     <span class='ocr_line' id='line_1_29' title="bbox 156 3174 1364 3273; baseline 0.002 -22"><span class='ocrx_word' id='word_1_266' title='bbox 156 3174 233 3252; x_wconf 52' lang='lat' dir='ltr'>dice⁴</span> <span class='ocrx_word' id='word_1_267' title='bbox 249 3190 381 3253; x_wconf 89' lang='lat' dir='ltr'>centum</span> <span class='ocrx_word' id='word_1_268' title='bbox 402 3188 612 3273; x_wconf 90' lang='lat' dir='ltr'>epistularum</span> <span class='ocrx_word' id='word_1_269' title='bbox 636 3189 780 3252; x_wconf 87' lang='lat' dir='ltr'>correcta</span> <span class='ocrx_word' id='word_1_270' title='bbox 808 3190 873 3270; x_wconf 91' lang='lat' dir='ltr'>est,</span> <span class='ocrx_word' id='word_1_271' title='bbox 902 3187 950 3251; x_wconf 90' lang='lat' dir='ltr'>ita</span> <span class='ocrx_word' id='word_1_272' title='bbox 978 3188 1090 3251; x_wconf 85' lang='lat' dir='ltr'>tamen</span> <span class='ocrx_word' id='word_1_273' title='bbox 1118 3189 1154 3250; x_wconf 88' lang='lat' dir='ltr'>ut</span> <span class='ocrx_word' id='word_1_274' title='bbox 1181 3187 1259 3272; x_wconf 88' lang='lat' dir='ltr'>quid</span> <span class='ocrx_word' id='word_1_275' title='bbox 1286 3188 1364 3254; x_wconf 92' lang='lat' dir='ltr'>olim</span> 
     </span>
     <span class='ocr_line' id='line_1_30' title="bbox 155 3288 1364 3377; baseline 0.002 -24"><span class='ocrx_word' id='word_1_276' title='bbox 155 3288 312 3374; x_wconf 88' lang='lat' dir='ltr'>scriptum</span> <span class='ocrx_word' id='word_1_277' title='bbox 333 3289 433 3355; x_wconf 85' lang='lat' dir='ltr'>fuerit</span> <span class='ocrx_word' id='word_1_278' title='bbox 453 3289 572 3375; x_wconf 90' lang='lat' dir='ltr'>ubique</span> <span class='ocrx_word' id='word_1_279' title='bbox 593 3292 760 3374; x_wconf 89' lang='lat' dir='ltr'>appareat.</span> <span class='ocrx_word' id='word_1_280' title='bbox 797 3292 966 3374; x_wconf 88' lang='lat' dir='ltr'>praeterea</span> <span class='ocrx_word' id='word_1_281' title='bbox 987 3288 1144 3374; x_wconf 88' lang='lat' dir='ltr'>inprime</span> <span class='ocrx_word' id='word_1_282' title='bbox 1165 3289 1248 3355; x_wconf 89' lang='lat' dir='ltr'>libro</span> <span class='ocrx_word' id='word_1_283' title='bbox 1270 3295 1364 3377; x_wconf 86' lang='lat' dir='ltr'>quat-</span> 
     </span>
     <span class='ocr_line' id='line_1_31' title="bbox 156 3391 1363 3478; baseline 0.005 -24"><span class='ocrx_word' id='word_1_284' title='bbox 156 3393 234 3478; x_wconf 85' lang='lat' dir='ltr'>tuor</span> <span class='ocrx_word' id='word_1_285' title='bbox 250 3391 407 3477; x_wconf 89' lang='lat' dir='ltr'>epistulae</span> <span class='ocrx_word' id='word_1_286' title='bbox 430 3393 530 3476; x_wconf 75' lang='lat'>8,12,</span> <span class='ocrx_word' id='word_1_287' title='bbox 551 3393 605 3476; x_wconf 78' lang='lat'>23,</span> <span class='ocrx_word' id='word_1_288' title='bbox 627 3392 671 3457; x_wconf 78' lang='lat'>24</span> <span class='ocrx_word' id='word_1_289' title='bbox 692 3392 759 3457; x_wconf 90' lang='lat' dir='ltr'>suis</span> <span class='ocrx_word' id='word_1_290' title='bbox 780 3391 860 3457; x_wconf 88' lang='lat' dir='ltr'>locis</span> <span class='ocrx_word' id='word_1_291' title='bbox 882 3391 1019 3456; x_wconf 89' lang='lat' dir='ltr'>omissae</span> <span class='ocrx_word' id='word_1_292' title='bbox 1043 3394 1076 3456; x_wconf 90' lang='lat' dir='ltr'>et</span> <span class='ocrx_word' id='word_1_293' title='bbox 1097 3392 1133 3456; x_wconf 92' lang='lat' dir='ltr'>in</span> <span class='ocrx_word' id='word_1_294' title='bbox 1154 3392 1220 3458; x_wconf 90' lang='lat' dir='ltr'>fine</span> <span class='ocrx_word' id='word_1_295' title='bbox 1243 3392 1363 3460; x_wconf 86' lang='lat' dir='ltr'>codicis</span> 
     </span>
     <span class='ocr_line' id='line_1_32' title="bbox 155 3493 1363 3580; baseline 0.001 -22"><span class='ocrx_word' id='word_1_296' title='bbox 155 3499 230 3577; x_wconf 91' lang='lat' dir='ltr'>post</span> <span class='ocrx_word' id='word_1_297' title='bbox 257 3495 337 3560; x_wconf 82' lang='lat' dir='ltr'>noni</span> <span class='ocrx_word' id='word_1_298' title='bbox 364 3493 440 3560; x_wconf 90' lang='lat' dir='ltr'>libri</span> <span class='ocrx_word' id='word_1_299' title='bbox 470 3493 641 3579; x_wconf 80' lang='lat' dir='ltr'>epistulam</span> <span class='ocrx_word' id='word_1_300' title='bbox 670 3493 966 3579; x_wconf 80' lang='lat' dir='ltr'>quadragesimam,</span> <span class='ocrx_word' id='word_1_301' title='bbox 997 3514 1079 3578; x_wconf 91' lang='lat' dir='ltr'>quae</span> <span class='ocrx_word' id='word_1_302' title='bbox 1107 3497 1241 3580; x_wconf 89' lang='lat' dir='ltr'>propter</span> <span class='ocrx_word' id='word_1_303' title='bbox 1267 3495 1363 3559; x_wconf 91' lang='lat' dir='ltr'>unius</span> 
     </span>
     <span class='ocr_line' id='line_1_33' title="bbox 74 3588 1363 3681; baseline 0.002 -22"><span class='ocrx_word' id='word_1_304' title='bbox 74 3588 77 3592; x_wconf 44' lang='grc'>“</span> <span class='ocrx_word' id='word_1_305' title='bbox 155 3595 312 3680; x_wconf 87' lang='lat' dir='ltr'>epistulae</span> <span class='ocrx_word' id='word_1_306' title='bbox 334 3596 496 3663; x_wconf 89' lang='lat' dir='ltr'>defectum</span> <span class='ocrx_word' id='word_1_307' title='bbox 517 3597 554 3662; x_wconf 92' lang='lat' dir='ltr'>in</span> <span class='ocrx_word' id='word_1_308' title='bbox 576 3618 614 3661; x_wconf 91' lang='lat' dir='ltr'>eo</span> <span class='ocrx_word' id='word_1_309' title='bbox 636 3599 686 3661; x_wconf 90' lang='lat' dir='ltr'>est</span> <span class='ocrx_word' id='word_1_310' title='bbox 707 3595 1040 3681; x_wconf 87' lang='lat' dir='ltr'>undequadragesima</span> <span class='ocrx_word' id='word_1_311' title='bbox 1067 3595 1143 3661; x_wconf 90' lang='lat' dir='ltr'>libri</span> <span class='ocrx_word' id='word_1_312' title='bbox 1165 3597 1287 3681; x_wconf 88' lang='lat' dir='ltr'>octavi,</span> <span class='ocrx_word' id='word_1_313' title='bbox 1312 3619 1363 3662; x_wconf 91' lang='lat' dir='ltr'>ea·</span> 
     </span>
     <span class='ocr_line' id='line_1_34' title="bbox 155 3695 1363 3784; baseline 0.002 -22"><span class='ocrx_word' id='word_1_314' title='bbox 155 3695 228 3763; x_wconf 89' lang='lat' dir='ltr'>dem</span> <span class='ocrx_word' id='word_1_315' title='bbox 250 3700 360 3764; x_wconf 84' lang='lat' dir='ltr'>tamen</span> <span class='ocrx_word' id='word_1_316' title='bbox 382 3721 481 3765; x_wconf 87' lang='lat' dir='ltr'>manu</span> <span class='ocrx_word' id='word_1_317' title='bbox 504 3699 644 3784; x_wconf 89' lang='lat' dir='ltr'>scriptae</span> <span class='ocrx_word' id='word_1_318' title='bbox 665 3702 753 3764; x_wconf 90' lang='lat' dir='ltr'>sunt.</span> <span class='ocrx_word' id='word_1_319' title='bbox 791 3699 876 3783; x_wconf 90' lang='lat' dir='ltr'>quod</span> <span class='ocrx_word' id='word_1_320' title='bbox 908 3719 1104 3783; x_wconf 86' lang='lat' dir='ltr'>quamquam</span> <span class='ocrx_word' id='word_1_321' title='bbox 1126 3699 1282 3783; x_wconf 90' lang='lat' dir='ltr'>peculiari</span> <span class='ocrx_word' id='word_1_322' title='bbox 1312 3720 1363 3764; x_wconf 93' lang='lat' dir='ltr'>co·</span> 
     </span>
     <span class='ocr_line' id='line_1_35' title="bbox 123 3799 1363 3885; baseline 0.001 -21"><span class='ocrx_word' id='word_1_323' title='bbox 123 3849 126 3858; x_wconf 90' lang='lat'>.</span> <span class='ocrx_word' id='word_1_324' title='bbox 154 3799 236 3865; x_wconf 88' lang='lat' dir='ltr'>dicis</span> <span class='ocrx_word' id='word_1_325' title='bbox 257 3800 450 3868; x_wconf 90' lang='lat' dir='ltr'>Dresdensis</span> <span class='ocrx_word' id='word_1_326' title='bbox 472 3801 572 3867; x_wconf 91' lang='lat' dir='ltr'>errori</span> <span class='ocrx_word' id='word_1_327' title='bbox 595 3800 694 3866; x_wconf 86' lang='lat' dir='ltr'>tribui</span> <span class='ocrx_word' id='word_1_328' title='bbox 717 3823 795 3865; x_wconf 87' lang='lat' dir='ltr'>sane</span> <span class='ocrx_word' id='word_1_329' title='bbox 823 3802 952 3885; x_wconf 89' lang='lat' dir='ltr'>potest,</span> <span class='ocrx_word' id='word_1_330' title='bbox 982 3803 1109 3882; x_wconf 90' lang='lat' dir='ltr'>tamen,</span> <span class='ocrx_word' id='word_1_331' title='bbox 1138 3822 1211 3864; x_wconf 89' lang='lat' dir='ltr'>cum</span> <span class='ocrx_word' id='word_1_332' title='bbox 1233 3800 1363 3865; x_wconf 91' lang='lat' dir='ltr'>illarum</span> 
     </span>
     <span class='ocr_line' id='line_1_36' title="bbox 155 3901 1362 3989; baseline 0.001 -22"><span class='ocrx_word' id='word_1_333' title='bbox 155 3902 366 3987; x_wconf 85' lang='lat' dir='ltr'>epistularum</span> <span class='ocrx_word' id='word_1_334' title='bbox 393 3903 554 3989; x_wconf 88' lang='lat' dir='ltr'>scriptura</span> <span class='ocrx_word' id='word_1_335' title='bbox 581 3925 598 3968; x_wconf 90' lang='lat' dir='ltr'>e</span> <span class='ocrx_word' id='word_1_336' title='bbox 621 3901 813 3967; x_wconf 84' lang='lat' dir='ltr'>Florentino</span> <span class='ocrx_word' id='word_1_337' title='bbox 844 3901 953 3966; x_wconf 89' lang='lat' dir='ltr'>codice</span> <span class='ocrx_word' id='word_1_338' title='bbox 980 3901 1078 3966; x_wconf 90' lang='lat' dir='ltr'>ducta</span> <span class='ocrx_word' id='word_1_339' title='bbox 1106 3901 1163 3986; x_wconf 85' lang='lat' dir='ltr'>sit,</span> <span class='ocrx_word' id='word_1_340' title='bbox 1195 3923 1304 3989; x_wconf 85' lang='lat' dir='ltr'>aquo</span> <span class='ocrx_word' id='word_1_341' title='bbox 1326 3902 1362 3968; x_wconf 93' lang='lat' dir='ltr'>in</span> 
     </span>
     <span class='ocr_line' id='line_1_37' title="bbox 155 4003 1362 4092; baseline 0.002 -24"><span class='ocrx_word' id='word_1_342' title='bbox 155 4003 286 4091; x_wconf 88' lang='lat' dir='ltr'>reliquis</span> <span class='ocrx_word' id='word_1_343' title='bbox 308 4007 388 4081; x_wconf 80' lang='lat' dir='ltr'>satis</span> <span class='ocrx_word' id='word_1_344' title='bbox 403 4006 529 4072; x_wconf 84' lang='lat' dir='ltr'>diversa</span> <span class='ocrx_word' id='word_1_345' title='bbox 552 4010 602 4071; x_wconf 90' lang='lat' dir='ltr'>est</span> <span class='ocrx_word' id='word_1_346' title='bbox 622 4005 761 4092; x_wconf 84' lang='lat' dir='ltr'>pristina</span> <span class='ocrx_word' id='word_1_347' title='bbox 783 4003 912 4089; x_wconf 89' lang='lat' dir='ltr'>quidem</span> <span class='ocrx_word' id='word_1_348' title='bbox 935 4003 1054 4070; x_wconf 90' lang='lat' dir='ltr'>codicis</span> <span class='ocrx_word' id='word_1_349' title='bbox 1074 4004 1251 4090; x_wconf 87' lang='lat' dir='ltr'>scriptura,</span> <span class='ocrx_word' id='word_1_350' title='bbox 1274 4003 1362 4070; x_wconf 90' lang='lat' dir='ltr'>haud</span> 
     </span>
    </p>
   </div>
   <div class='ocr_carea' id='block_1_5' title="bbox 154 4106 1456 4195">
    <p class='ocr_par' dir='ltr' id='par_1_5' title="bbox 154 4106 1456 4195">
     <span class='ocr_line' id='line_1_38' title="bbox 154 4106 1456 4195; baseline 0.002 -26"><span class='ocrx_word' id='word_1_351' title='bbox 154 4107 220 4172; x_wconf 90' lang='lat' dir='ltr'>scio</span> <span class='ocrx_word' id='word_1_352' title='bbox 233 4130 286 4173; x_wconf 86' lang='lat' dir='ltr'>an</span> <span class='ocrx_word' id='word_1_353' title='bbox 307 4107 362 4174; x_wconf 91' lang='lat' dir='ltr'>hic</span> <span class='ocrx_word' id='word_1_354' title='bbox 383 4131 508 4195; x_wconf 91' lang='lat' dir='ltr'>quoque</span> <span class='ocrx_word' id='word_1_355' title='bbox 537 4108 681 4173; x_wconf 86' lang='lat' dir='ltr'>defectus</span> <span class='ocrx_word' id='word_1_356' title='bbox 712 4129 729 4172; x_wconf 92' lang='lat' dir='ltr'>e</span> <span class='ocrx_word' id='word_1_357' title='bbox 760 4110 865 4172; x_wconf 85' lang='lat' dir='ltr'>vetere</span> <span class='ocrx_word' id='word_1_358' title='bbox 894 4106 1071 4192; x_wconf 88' lang='lat' dir='ltr'>exemplari</span> <span class='ocrx_word' id='word_1_359' title='bbox 1098 4108 1182 4193; x_wconf 91' lang='lat' dir='ltr'>quod</span> <span class='ocrx_word' id='word_1_360' title='bbox 1208 4107 1362 4174; x_wconf 89' lang='lat' dir='ltr'>librarius</span> <span class='ocrx_word' id='word_1_361' title='bbox 1451 4136 1456 4146; x_wconf 92' lang='lat'><strong>·</strong></span> 
     </span>
    </p>
   </div>
   <div class='ocr_carea' id='block_1_6' title="bbox 102 4207 1448 4605">
    <p class='ocr_par' dir='ltr' id='par_1_6' title="bbox 102 4207 1448 4605">
     <span class='ocr_line' id='line_1_39' title="bbox 154 4207 1448 4298; baseline 0.004 -27"><span class='ocrx_word' id='word_1_362' title='bbox 154 4211 328 4295; x_wconf 84' lang='lat' dir='ltr'>expressit,</span> <span class='ocrx_word' id='word_1_363' title='bbox 350 4212 545 4298; x_wconf 90' lang='lat' dir='ltr'>repetendus</span> <span class='ocrx_word' id='word_1_364' title='bbox 567 4212 620 4276; x_wconf 90' lang='lat' dir='ltr'>sit.</span> <span class='ocrx_word' id='word_1_365' title='bbox 659 4233 736 4274; x_wconf 91' lang='lat' dir='ltr'>nam</span> <span class='ocrx_word' id='word_1_366' title='bbox 759 4208 890 4275; x_wconf 78' lang='lat' dir='ltr'>stillae</span> <span class='ocrx_word' id='word_1_367' title='bbox 912 4207 1069 4294; x_wconf 90' lang='lat' dir='ltr'>epistulae</span> <span class='ocrx_word' id='word_1_368' title='bbox 1098 4209 1134 4291; x_wconf 84' lang='lat' dir='ltr'>in</span> <span class='ocrx_word' id='word_1_369' title='bbox 1157 4210 1289 4296; x_wconf 89' lang='lat' dir='ltr'>reliquis</span> <span class='ocrx_word' id='word_1_370' title='bbox 1312 4231 1362 4276; x_wconf 90' lang='lat' dir='ltr'>co·</span> <span class='ocrx_word' id='word_1_371' title='bbox 1443 4214 1448 4220; x_wconf 84' lang='lat'>&#39;</span> 
     </span>
     <span class='ocr_line' id='line_1_40' title="bbox 156 4309 1431 4398; baseline 0.002 -24"><span class='ocrx_word' id='word_1_372' title='bbox 156 4309 281 4376; x_wconf 89' lang='lat' dir='ltr'>dicibus</span> <span class='ocrx_word' id='word_1_373' title='bbox 296 4315 463 4398; x_wconf 91' lang='lat' dir='ltr'>omnibus,</span> <span class='ocrx_word' id='word_1_374' title='bbox 486 4315 525 4379; x_wconf 87' lang='lat' dir='ltr'>de</span> <span class='ocrx_word' id='word_1_375' title='bbox 540 4312 656 4398; x_wconf 90' lang='lat' dir='ltr'>quibus</span> <span class='ocrx_word' id='word_1_376' title='bbox 671 4311 830 4398; x_wconf 83' lang='lat' dir='ltr'>quaesivi,</span> <span class='ocrx_word' id='word_1_377' title='bbox 853 4310 939 4375; x_wconf 86' lang='lat' dir='ltr'>iusto</span> <span class='ocrx_word' id='word_1_378' title='bbox 954 4310 1066 4377; x_wconf 90' lang='lat' dir='ltr'>ordine</span> <span class='ocrx_word' id='word_1_379' title='bbox 1082 4311 1258 4377; x_wconf 86' lang='lat' dir='ltr'>collocatae</span> <span class='ocrx_word' id='word_1_380' title='bbox 1272 4315 1361 4396; x_wconf 89' lang='lat' dir='ltr'>sunt,</span> <span class='ocrx_word' id='word_1_381' title='bbox 1425 4316 1431 4326; x_wconf 84' lang='lat'>&#39;</span> 
     </span>
     <span class='ocr_line' id='line_1_41' title="bbox 154 4412 1362 4503; baseline 0.004 -29"><span class='ocrx_word' id='word_1_382' title='bbox 154 4416 188 4475; x_wconf 88' lang='lat' dir='ltr'>et</span> <span class='ocrx_word' id='word_1_383' title='bbox 208 4412 281 4478; x_wconf 85' lang='lat' dir='ltr'>aliis</span> <span class='ocrx_word' id='word_1_384' title='bbox 309 4414 388 4482; x_wconf 91' lang='lat' dir='ltr'>locis</span> <span class='ocrx_word' id='word_1_385' title='bbox 412 4415 645 4503; x_wconf 90' lang='lat' dir='ltr'>compluribus,</span> <span class='ocrx_word' id='word_1_386' title='bbox 668 4414 704 4479; x_wconf 87' lang='lat' dir='ltr'>in</span> <span class='ocrx_word' id='word_1_387' title='bbox 726 4413 843 4500; x_wconf 91' lang='lat' dir='ltr'>quibus</span> <span class='ocrx_word' id='word_1_388' title='bbox 865 4413 981 4499; x_wconf 91' lang='lat' dir='ltr'>reliqui</span> <span class='ocrx_word' id='word_1_389' title='bbox 1002 4414 1078 4479; x_wconf 91' lang='lat' dir='ltr'>libri</span> <span class='ocrx_word' id='word_1_390' title='bbox 1094 4418 1213 4480; x_wconf 89' lang='lat' dir='ltr'>sectam</span> <span class='ocrx_word' id='word_1_391' title='bbox 1229 4414 1362 4480; x_wconf 89' lang='lat' dir='ltr'>Floren-</span> 
     </span>
     <span class='ocr_line' id='line_1_42' title="bbox 102 4513 1360 4605; baseline 0.004 -27"><span class='ocrx_word' id='word_1_392' title='bbox 102 4516 109 4527; x_wconf 91' lang='lat'>&#39;</span> <span class='ocrx_word' id='word_1_393' title='bbox 154 4513 215 4580; x_wconf 86' lang='lat' dir='ltr'>tini</span> <span class='ocrx_word' id='word_1_394' title='bbox 239 4516 357 4584; x_wconf 87' lang='lat' dir='ltr'>codicis</span> <span class='ocrx_word' id='word_1_395' title='bbox 373 4524 537 4605; x_wconf 87' lang='lat' dir='ltr'>secuntur,</span> <span class='ocrx_word' id='word_1_396' title='bbox 561 4540 645 4583; x_wconf 89' lang='lat' dir='ltr'>unus</span> <span class='ocrx_word' id='word_1_397' title='bbox 660 4515 852 4582; x_wconf 87' lang='lat' dir='ltr'>Dresdensis</span> <span class='ocrx_word' id='word_1_398' title='bbox 869 4515 1029 4581; x_wconf 88' lang='lat' dir='ltr'>diversam</span> <span class='ocrx_word' id='word_1_399' title='bbox 1053 4517 1093 4583; x_wconf 92' lang='lat' dir='ltr'>ab</span> <span class='ocrx_word' id='word_1_400' title='bbox 1108 4517 1173 4583; x_wconf 88' lang='lat' dir='ltr'>illis</span> <span class='ocrx_word' id='word_1_401' title='bbox 1187 4516 1360 4583; x_wconf 88' lang='lat' dir='ltr'>lectionem</span> 
     </span>
    </p>
   </div>
   <div class='ocr_carea' id='block_1_7' title="bbox 0 0 1472 4966">
    <p class='ocr_par' dir='ltr' id='par_1_7' title="bbox 0 0 1472 4966">
     <span class='ocr_line' id='line_1_43' title="bbox 0 0 1472 4966; baseline 0 2"><span class='ocrx_word' id='word_1_402' title='bbox 0 0 1472 4966; x_wconf 95' lang='lat' dir='ltr'> </span> 
     </span>
    </p>
   </div>
  </div>
 </body>
</html>
