2934 4966
626 286 837 338 PRAEFATIO.
1209 288 1337 339 xxxvn

122 462 192 508 nno
233 441 406 527 expressit,
441 441 497 508 sed
530 443 666 508 Avantii
700 432 873 508 editionem
908 442 1029 527 partim
1058 463 1097 508 ex
1125 439 1276 508 Beroaldi
1304 449 1339 512 et

124 544 283 613 Catenaei
307 545 546 632 exemplaribus
567 544 688 630 partim
710 545 803 610 novis
826 544 1022 611 coniecturis
1045 548 1224 612 correctam
1246 568 1337 633 repe-

123 648 210 713 tivit.
247 671 323 714 nem
346 670 384 713 ea
407 669 489 734 quae
512 649 608 714 aliter
628 648 664 714 in
693 647 815 713 Aldina
845 648 986 714 editione
1009 651 1106 734 atque
1134 648 1169 714 in
1196 648 1263 716 illis
1285 672 1338 716 ex·

124 751 280 816 hibentur
294 751 343 816 ita
359 754 547 837 comparata
561 754 638 815 sunt
660 751 785 835 omnia,
808 754 844 816 ut
867 751 1052 816 coniectura
1075 754 1182 836 potius
1204 752 1339 831 inventa

125 877 220 939 quarn
244 876 262 919 e
285 854 393 920 codiee
421 854 570 940 profecta
592 875 661 920 esse
685 854 900 919 existimanda
931 854 1008 918 sint.
1047 859 1080 918 et
1107 854 1247 938 plurima
1269 858 1337 942 qni·

125 958 198 1021 dem
220 957 255 1023 in
277 957 387 1042 pravis
410 961 443 1022 et
464 957 643 1023 temerariis
673 956 990 1041 interpolationibus·
1008 959 1196 1042 versantur,
1225 959 1338 1043 paucis

124 1057 204 1124 locis
226 1059 347 1124 leviora
369 1061 527 1146 quaedam
553 1060 698 1145 priorum
722 1059 899 1124 editionum
928 1058 1008 1123 vitia
1037 1058 1248 1144 probabiliter
1270 1082 1338 1126 cor·

126 1165 217 1227 recta
251 1166 337 1227 sunt.
380 1184 479 1248 quere
513 1167 549 1228 ut
582 1161 679 1227 iniis
713 1161 862 1247 epistulis
895 1182 976 1247 qnae
999 1161 1041 1226 ab
1064 1161 1208 1227 Avantio
1232 1162 1336 1229 editae

126 1267 220 1329 erant
241 1264 295 1328 vix
318 1265 489 1351 quicquam
513 1266 589 1329 novi
611 1264 696 1350 quod
724 1286 741 1330 e
765 1265 873 1329 codice
896 1264 1034 1350 petitum
1058 1264 1102 1329 sit
1124 1264 1259 1349 accesit,
1289 1265 1337 1332 ita

124 1367 220 1433 facile
242 1367 445 1453 intellegitur
466 1368 503 1432 in
525 1367 565 1432 iis
587 1390 721 1453 quarum
744 1369 849 1433 omnis
876 1368 1033 1432 memoria
1060 1367 1102 1430 ab
1125 1365 1246 1431 Aldina
1274 1368 1338 1433 edi·

123 1469 214 1535 tione
241 1471 383 1555 petenda
416 1473 465 1536 est
506 1471 609 1536 multo
642 1470 750 1535 minus
789 1472 955 1552 accurate,
992 1491 1088 1554 quam
1123 1469 1164 1535 ab
1195 1471 1338 1536 Avantio

124 1572 248 1638 factum
271 1577 356 1658 erat,
382 1572 525 1639 codicem
547 1594 734 1659 expressum
757 1593 845 1638 esse·
913 1610 917 1616 ·

208 1672 357 1761 Denique
379 1697 418 1740 ex
441 1676 481 1741 iis
504 1675 559 1760 qui
581 1677 656 1760 post
671 1674 791 1739 Aldum
806 1674 866 1739 has
882 1674 1038 1758 epistulas
1054 1673 1336 1745 edideruntnemo

123 1799 207 1843 novo
230 1778 349 1843 codicis
372 1777 562 1864 apographo
585 1799 659 1842 usus
683 1782 748 1860 est,
771 1777 826 1842 sed
849 1777 1005 1842 Aldinam
1028 1776 1203 1842 editionem
1225 1799 1336 1843 omnes

126 1881 229 1947 secuti
258 1884 345 1946 sunt.
394 1903 478 1946 unus
508 1880 690 1947 Oretanaeus
718 1881 754 1944 in
783 1879 924 1952 editione
953 1879 1095 1945 secunda
1122 1904 1150 1945 a.
1176 1880 1258 1945 1518
1281 1881 1334 1946 de-

123 1984 260 2069 scriptas
288 1983 327 2048 de
355 1983 575 2049 vetustissimo
606 1983 714 2048 codice
743 1983 932 2069 germanico
953 1982 1061 2067 plures
1090 1984 1128 2047 ad
1157 1981 1336 2049 Traianum

123 2085 278 2172 epistulas
301 2107 335 2150 se
358 2085 511 2150 habuisse
532 2085 630 2168 dixit,
663 2084 829 2170 intellegit
858 2090 966 2150 autem
995 2084 1137 2151 codicem
1166 2085 1202 2150 in
1226 2084 1334 2151 Gallia

122 2191 301 2275 repertum:
321 2188 362 2254 cf.
376 2211 409 2273 p.
424 2186 544 2253 XXIV.
563 2187 618 2252 sed
634 2209 675 2252 ne
687 2185 763 2252 huic
775 2187 905 2272 quidem
921 2187 1139 2279 adfirmationi
1149 2187 1222 2274 plus
1234 2188 1335 2255 tribu-

122 2293 240 2358 endum
264 2297 328 2374 est,
358 2313 454 2376 quarn
483 2292 523 2356 iis
552 2313 633 2376 quae
661 2292 696 2357 in
724 2291 831 2377 priore
858 2291 1000 2356 editione
1032 2292 1219 2376 scripserat.
1257 2311 1335 2357 nam
1387 2373 1389 2377 ,

123 2396 208 2461 sicut
229 2395 263 2460 in
286 2393 344 2459 illa
368 2393 551 2485 principem
575 2394 749 2459 editionem
773 2397 991 2478 expresserat,
1023 2394 1069 2475 ita
1097 2394 1131 2459 in
1160 2393 1223 2459 hac
1245 2393 1333 2459 Aldi-

120 2520 198 2563 nam
222 2497 416 2564 coniecturis
439 2496 490 2562 vel
513 2496 579 2561 suis
600 2495 652 2561 vel
675 2482 842 2561 doctorum
868 2497 1027 2581 virorum,
1052 2518 1186 2583 quorum
1202 2497 1335 2562 nomina

121 2599 144 2664 l.
173 2622 200 2666 c.
236 2600 428 2686 appellarit,
448 2613 452 2618 '
470 2598 524 2664 hic
553 2597 620 2662 illic
647 2601 807 2662 mutatam
847 2598 999 2683 repetivit
1029 2620 1134 2684 neque
1163 2599 1334 2684 quicquam
1373 2657 1375 2661 .

120 2703 197 2768 novi
219 2725 237 2768 e
261 2702 370 2768 codice
393 2701 539 2787 protulit.

206 2805 365 2890 Pleraque
389 2827 429 2870 ex
451 2803 502 2869 his
525 2826 606 2888 quae
635 2804 701 2868 dixi
724 2804 750 2869 Ι.
774 2804 809 2870 c.
834 2804 974 2869 Orellius
997 2805 1032 2868 in
1054 2803 1191 2868 historia
1220 2804 1334 2870 critica

118 2906 329 2994 epistolarum
335 2906 434 2972 Plinii
447 2910 481 2972 et
492 2906 625 2972 Traiani
638 2929 738 2992 nsque
752 2906 793 2971 ad
807 2922 835 2972 a.
845 2905 973 2971 llDLll
985 2905 1094 2972 'l’urici
1107 2929 1135 2971 a.
1149 2906 1230 2972 1833
1247 2907 1333 2972 edita

118 3014 269 3076 accurate
291 3009 448 3095 exposuit.
485 3031 679 3094 quamquam
699 3011 727 3074 is
743 3010 976 3095 antiquissimis
992 3009 1187 3074 editionibus
1202 3011 1332 3094 praeter

120 3113 341 3178 Avantianam
365 3115 398 3177 et
420 3112 574 3178 Aldinam
597 3117 693 3197 atque
721 3113 784 3198 ipsi
807 3112 947 3177 Aldinae
975 3112 1128 3176 maiorem
1152 3133 1249 3196 quam
1275 3134 1332 3196 par

118 3219 170 3281 est
191 3217 417 3281 auctoritatem
440 3215 565 3279 tribuit.
605 3237 681 3279 nam
704 3215 784 3280 illud
807 3215 869 3280 hac
885 3215 1104 3301 disputatione
1122 3213 1330 3300 comprobare

117 3317 206 3383 volni
219 3369 228 3402 ,
257 3307 729 3400 omncm'veteris'scriptnrao
758 3319 945 3384 memoriam
974 3319 1008 3382 in
1037 3318 1161 3383 duabus
1185 3317 1332 3382 editioni·

118 3422 179 3486 bns
202 3442 279 3506 quas
303 3420 368 3484 dixi
391 3420 531 3504 positam
549 3440 633 3500 esse,
658 3421 692 3483 in
715 3420 755 3484 iis
779 3424 886 3484 autem
903 3420 1050 3504 epistulis
1073 3443 1151 3505 quas
1166 3421 1346 3486 Aventius.
1384 3483 1386 3487 ,

118 3523 226 3588 edidit
242 3523 317 3587 huic-
340 3522 406 3587 uni,
425 3521 522 3586 fidem
545 3517 672 3604 debari,
701 3523 810 3586 iniis
835 3544 914 3606 quus
942 3527 1056 3607 postea
1083 3521 1187 3588 Aldus
1215 3522 1337 3586 adiecit

117 3624 207 3691 illius
230 3624 404 3689 editionem
425 3624 573 3710 quamvis
597 3624 849 3708 interpolatione
866 3624 1033 3689 editorisa
1056 3624 1176 3690 codicis
1198 3625 1347 3709 integri»

116 3731 188 3795 tate
203 3727 361 3794 deflexam
376 3728 573 3813 sequendam
588 3749 667 3791 esse.
698 3727 806 3811 itaque
821 3727 987 3812 utriusque
1003 3726 1155 3792 editionis
1168 3728 1330 3811 integram

118 3832 314 3917 scripturam
344 3829 473 3896 exhibui
504 3830 630 3893 omissis
659 3829 787 3914 quidem
816 3831 855 3894 iis
884 3853 966 3914 quae
996 3830 1036 3893 ad
1064 3829 1330 3914 orthographiam

116 3936 286 4019 spectant,
310 3933 345 3998 in
368 3956 431 4018 qua
454 3954 546 3996 suurn
570 3931 732 3996 scribendi
747 3953 883 4014 morem,
907 3954 971 3996 non
997 3931 1115 3996 codicis
1138 3932 1330 4016 scripturam

117 4036 256 4102 editores
279 4035 382 4100 secuti
405 4037 491 4099 sunt.
524 4036 557 4098 et
572 4035 724 4119 quoniam
739 4034 899 4118 posterior
914 4035 1124 4119 epistularum
1139 4056 1223 4119 pars,
1247 4035 1331 4100 sicut

118 4139 203 4223 dixi,
226 4138 262 4204 in
285 4137 407 4203 Aldina
430 4138 571 4203 editione
594 4160 632 4202 ex
655 4137 803 4222 principe
826 4159 977 4222 expressa
998 4141 1063 4222 est,
1088 4137 1120 4202 in
1146 4138 1329 4222 discrepan-

116 4243 167 4308 tia
188 4241 361 4307 indicanda
384 4240 444 4305 hac
467 4262 543 4306 usus
571 4263 641 4304 sum
658 4240 814 4323 ratione,
849 4245 905 4324 ut,
941 4240 995 4304 ubi
1030 4241 1143 4305 ambae
1172 4240 1330 4305 editiones

117 4348 204 4411 inter
219 4366 253 4408 se
270 4342 508 4426 consentirent,
532 4344 672 4408 Aldinae
689 4342 840 4407 editionis
861 4343 1023 4429 scriptura
1038 4365 1106 4408 non
1120 4343 1327 4427 indicaretur,

115 4448 173 4514 sed
196 4469 260 4511 una
282 4456 314 4510 A
335 4445 461 4530 littera,
484 4468 580 4532 qnam
598 4445 802 4510 Avantianae
824 4448 935 4510 notam
958 4467 1027 4510 esse
1050 4444 1153 4530 volui,
1175 4446 1231 4511 ille
1254 4467 1328 4512 con·

115 4572 230 4617 sensus
252 4549 473 4635 indicaretur,
500 4551 555 4615 ubi
580 4546 806 4630 dissentirent,
836 4547 975 4612 Aldinae
999 4549 1179 4633 scripturae
1201 4571 1222 4614 a
1243 4549 1328 4613 litte·
