2934 4966
157 268 224 334 282
586 282 619 334 c.
640 283 740 333 emur
761 284 807 333 su
828 283 977 335 ruamur

158 439 348 505 minerimns
379 439 582 524 provinciam
611 440 711 505 istam
738 442 773 505 et
796 439 972 526 praecipue
997 462 1071 507 eam
1099 442 1267 508 mutatem
1294 442 1365 508 cium

158 543 245 607 modi
265 541 463 607 factionibus
484 565 554 608 esse
574 546 736 608 vexatam.
765 541 988 628 quodcumque
1007 565 1128 610 nomen
1148 567 1190 631 ex
1210 566 1365 631 quacum·

158 667 221 731 que
249 667 347 710 eausa
373 643 555 711 dederimus
580 646 623 712 iis
649 646 706 733 qni
732 645 770 712 in
791 644 878 712 idern
899 647 1061 713 wutracti
1081 647 1230 713 fuerint.
1248 696 1285 712 ..
1308 646 1364 712 he

128 748 344 833 2taeria'eque
364 747 455 814 brevi
475 749 582 814 fient.-
603 749 707 840 satius
728 749 840 835 itaque
860 752 913 814 est
938 749 1120 836 comparari
1146 771 1186 815 ea
1214 770 1300 835 quae
1322 749 1366 816 ad
1458 763 1462 771 '

158 849 351 916 coercendos
372 850 467 937 ignes
481 851 602 917 auxilio
622 873 694 917 esse
713 853 841 938 possint
857 852 1088 938 admouerique
1100 851 1251 918 dominos
1271 873 1389 939 prae-s

158 953 283 1018 diorum
304 957 342 1018 ut
356 957 390 1018 et
409 954 474 1040 ipsi
494 954 683 1040 inhibeant,
705 942 788 1022 acsi
806 977 860 1021 res
873 956 1075 1043 poposcerit,
1097 976 1236 1022 accursu
1249 955 1364 1041 populi
1453 952 1456 957 ’

158 1055 201 1121 ad
221 1054 283 1122 boc
303 1057 364 1123 uti.
1449 1054 1464 1115 :⁵

597 1227 734 1296 XXXV·
757 1227 919 1321 [uuum]
1042 1314 1047 1321 .

439 1350 470 1403 0.
488 1352 638 1405 PLINIUS
655 1352 819 1423 rumano
835 1353 1071 1408 mensarum
1448 1336 1463 1419 [²

214 1552 219 1561 ,
243 1467 420 1534 Sollemnia
433 1472 508 1534 vota
524 1491 583 1555 pro
602 1469 827 1536 incolumitate
847 1473 916 1556 tna,
937 1493 1002 1557 qua
1021 1471 1154 1558 publica
1174 1469 1266 1535 salus
1286 1491 1364 1535 con·
1376 1501 1401 1540 ιο
1448 1546 1452 1561 ἱ

157 1571 297 1654 finctus,
321 1574 355 1636 et
367 1573 583 1658 suscepimus,
606 1575 749 1657 domine,
770 1572 894 1658 pariter
910 1577 945 1639 et
958 1573 1123 1660 solvimus,
1145 1570 1271 1661 precati
1285 1571 1369 1638 deos
1446 1568 1456 1637 i.

1444 1666 1454 1875 t

158 1677 196 1739 ut
217 1673 321 1740 velint
341 1696 380 1740 ea
400 1697 529 1761 semper
549 1675 630 1742 solvi
652 1697 840 1762 semperque
865 1676 1001 1763 signari.

607 1835 761 1913 mn.
784 1844 909 1937 [qu

592 1968 776 2022 TRAIANUS
799 1969 928 2024 PLINIO

243 2085 289 2150 Et
309 2084 443 2151 solvisse
456 2108 514 2151 ros
529 2087 870 2172 comprovincialibus
886 2087 937 2154 dis
957 2086 1196 2154 immortalibus
1210 2089 1289 2152 vota
1303 2109 1362 2173 pro
1373 2115 1396 2157 u

158 2211 231 2255 mea
251 2188 356 2255 salute
378 2191 411 2254 et
430 2188 653 2254 incolumitate
674 2192 708 2254 et
729 2211 934 2276 nuncupasse
963 2190 1119 2274 libenter,
1146 2191 1192 2256 mi
1212 2188 1362 2257 Secunde
1440 2190 1445 2209 ⁹

159 2291 338 2377 carissime,
365 2292 505 2379 cognovi
526 2313 566 2357 ex
586 2291 706 2358 litteris
728 2293 804 2358 tuis.

587 2461 757 2546 mm·
781 2462 928 2553 usu-1

416 2589 418 2592 ’
439 2586 472 2638 0.
489 2586 640 2644 PLINIUS
658 2587 824 2646 TRAIANO
840 2586 1073 2640 mensarum

132 2709 144 2770 1
244 2705 286 2770 In
307 2726 409 2790 aquae
430 2703 580 2787 ductum,
603 2702 747 2787 domine,
775 2703 1027 2770 Nicomedenses
1048 2703 1284 2789 impenderunt
1305 2703 1396 2774 Hs„

159 2795 271 2895 iffi!
288 2795 541 2890 OEUXX‘WHT,
567 2807 622 2891 qni
643 2806 852 2893 imperfectus
867 2807 974 2871 adhuc
994 2807 1127 2873 relictus
1142 2811 1241 2893 atque
1262 2809 1361 2873 etiam

159 2911 341 2977 destructus
364 2913 427 2975 est:
449 2931 559 2974 rursus
580 2909 617 2973 in
637 2909 736 2974 aliurn
758 2910 890 2974 ductum
915 2913 1050 2996 erogata
1076 2910 1156 2976 sunt
1180 2898 1247 2978 00.
1299 2910 1361 2976 hoc

159 3035 285 3101 quoque
306 3012 420 3104 relicto
441 3034 525 3077 novo
547 3011 711 3097 impendio
733 3016 782 3077 est
802 3034 901 3098 opus,
930 3015 969 3077 ut
989 3034 1108 3099 aquam
1133 3011 1281 3079 babeant
1306 3014 1365 3099 qni·

129 3120 286 3196 2tantam
307 3113 584 3202 pecuniam-male
605 3115 823 3200 perdiderint.
853 3116 924 3200 ipse
937 3117 1073 3201 perveni
1093 3116 1137 3183 ad
1156 3116 1284 3183 fontem
1304 3138 1360 3201 pu·

158 3221 337 3299 rissimum,
361 3241 400 3283 ex
414 3240 478 3304 quo
499 3216 626 3282 videtur
640 3239 724 3304 aqua
746 3218 862 3283 debere
883 3218 1035 3304 perduci,
1058 3219 1143 3286 sicut
1162 3219 1261 3285 initio
1281 3222 1393 3288 tem-s

111 3327 114 3333 '
159 3325 286 3408 ptatum
315 3325 400 3405 erat,
436 3322 566 3385 arcuato
594 3340 706 3406 opere,
739 3342 781 3385 ne
807 3325 938 3386 tantum
965 3322 1007 3387 ad
1034 3320 1135 3407 plana
1164 3321 1307 3388 civitatis
1328 3323 1361 3386 et

38 3476 53 3499 2
159 3424 294 3489 humilia
316 3424 493 3510 perveniat.
529 3425 664 3488 manent
685 3421 791 3488 adhuc
819 3425 1006 3508 paucissimi
1032 3447 1141 3491 arcus:
1171 3428 1309 3510 possunt
1328 3425 1360 3488 et

132 3556 141 3569 1
160 3527 242 3614 erigi
264 3527 392 3613 quidam
416 3525 523 3612 lapide
544 3525 716 3611 quadrato,
746 3524 801 3610 qui
823 3547 862 3590 ex
892 3529 1057 3612 superiore
1078 3548 1175 3613 opere
1196 3526 1359 3592 detractus

160 3632 225 3697 est:
252 3629 360 3716 aliqua
386 3652 478 3716 pars,
507 3633 545 3696 ut
565 3627 646 3694 mihi
666 3628 809 3713 videtur,
838 3632 983 3696 testaceo
1009 3651 1107 3716 opere
1132 3629 1262 3716 agenda
1283 3629 1358 3712 erit;

229 3946 242 3994 1
263 3959 312 3994 eas
331 3942 470 4005 ciuitateis
489 3941 624 3993 eiusmodi
642 3940 812 3992 factionibus
829 3955 889 3991 esse
907 3945 1028 3992 uexatus
1045 3955 1063 3990 a
1147 3943 1165 3995 3
1183 3940 1358 3993 fuerint.be·
1440 3928 1444 3937 ’

161 4012 284 4063 tariae*
313 4026 383 4077 quae
409 4013 506 4061 breues
524 4011 592 4061 fient
611 4025 628 4059 a
655 4010 757 4061 fuerint
783 4009 909 4059 hetariae
937 4010 1064 4074 quamuis
1082 4010 1181 4063 breues
1199 4010 1266 4061 fient
1284 4010 1358 4060 Cotu-

160 4097 240 4132 nueur
260 4081 375 4143 fuerint,
394 4076 510 4144 ἑταιρίαι
529 4078 687 4144 truiporque
705 4080 784 4128 breui
802 4077 869 4128 fient
888 4077 998 4128 Oretum

227 4167 331 4218 XXXV
356 4167 489 4217 Votorum
516 4166 686 4232 nuncupatio
704 4179 721 4214 a
842 4164 873 4213 ll
901 4165 1074 4231 suscepimus
1098 4166 1229 4233 Gierr'piar
1245 4161 1357 4229 suscipi-

160 4250 219 4286 mus
237 4251 255 4284 a

227 4305 345 4357 XXXVI
363 4307 394 4356 1⁵
411 4303 465 4354 diis
483 4318 501 4351 a

228 4390 360 4443 XXXVII
378 4393 420 4441 De
439 4388 616 4454 aquaeductu
632 4388 874 4441 Nicomedensium
893 4402 911 4437 a
961 4392 995 4441 20
1012 4391 1041 4440 iu
1061 4388 1267 4456 aquaeductum
1284 4388 1358 4439 editio

161 4456 321 4509 Basileeusta
339 4460 367 4509 in
387 4459 564 4524 aquaeductu
581 4472 598 4506 a
678 4458 723 4508 HS
737 4457 832 4507 XXX,
852 4456 920 4508 000
933 4459 1085 4510 .xxvl111
1102 4459 1189 4524 spatio
1205 4465 1267 4522 post
1284 4455 1355 4507 XXX

159 4528 250 4577 relicto
269 4541 286 4575 a
303 4528 395 4578 tricies
411 4544 462 4594 pro
480 4526 558 4577 XXX
576 4528 683 4577 coniecit
701 4528 853 4577 Perizonius
875 4528 947 4593 apud
966 4528 1077 4579 Curtium
1145 4528 1178 4578 21
1197 4525 1310 4578 relictus
1326 4540 1357 4578 ιο

149 4595 236 4649 etiam
255 4610 273 4645 a
290 4595 410 4651 relictus
429 4600 457 4650 ct
475 4597 534 4650 iam
553 4594 664 4649 Orclttu
748 4597 784 4650 ‘t‘t
800 4594 846 4648 00
865 4609 884 4647 a
