2934 4966
566 320 812 372 annueramus
833 317 877 369 aa
898 317 939 368 ss.
1294 303 1353 371 361
1452 388 1455 395 .

150 480 272 548 stantia
293 479 408 544 nostra
429 482 495 544 cst:
517 477 579 543 tibi
601 477 823 564 obsequimur,
847 475 931 563 quod
953 475 988 540 in
1010 475 1131 542 curiam
1153 498 1220 544 non
1236 476 1276 544 ad
1292 499 1359 544 eer-

150 586 261 648 tamen
283 578 505 647 adulationum
513 630 522 666 ,
546 581 601 646 sed
618 582 660 646 ad
674 602 768 647 usum
781 600 962 666 munusque
977 577 1122 645 iustitiae
1137 580 1358 667 convenimus,

151 684 238 751 hanc
261 683 465 770 simplicitati
486 687 562 749 tuae
591 671 783 770 caritatique
805 683 948 770 gratiam
970 681 1121 768 relaturi,
1153 687 1190 747 ιιι
1217 687 1251 749 te
1278 706 1359 770 quae

111 791 125 877 J
150 787 200 853 ris
222 785 321 872 velle,
345 809 428 874 quae
450 809 517 852 non
539 787 590 853 vis
612 787 699 852 nolle
721 785 899 853 credamus.
937 785 1111 871 incipimus
1131 785 1218 870 inde,
1242 785 1359 852 desiui-

113 910 127 950 s
151 909 224 955 mus
245 888 302 975 ibi,
319 911 417 976 aquo
438 890 555 976 incipi,
577 889 613 955 in
635 911 698 975 quo
713 890 816 956 desini
832 890 892 954 sub
909 889 971 954 alio
987 888 1135 974 principe
1156 910 1223 954 non
1238 895 1358 973 posset.

151 1012 230 1058 nam
261 992 433 1079 plerosque
466 1014 505 1059 ex
533 992 670 1058 decretis
696 992 873 1060 honoribus
908 995 941 1057 et
974 990 1029 1056 alii
1063 1011 1130 1056 nou
1152 996 1360 1076 receperunt3

152 1116 248 1161 nemo
270 1097 348 1160 ante
370 1107 399 1160 te
424 1098 538 1163 tantus
557 1094 687 1180 fuit,u
688 1095 914 1161 terederetur
936 1093 1080 1163 noluisse
1101 1092 1246 1177 decerni,
1275 1092 1359 1185 quod

152 1219 215 1285 ego
241 1196 346 1263 titulis
373 1198 524 1319 οιιιιιιιιιιι
552 1145 728 1297 speciosius
755 1220 843 1284 reor,
878 1196 1006 1299 quaudo
1033 1216 1102 1262 non
1129 1194 1276 1261 trabibus
1303 1198 1361 1260 aut

152 1299 239 1365 saxis
266 1293 385 1365 nomen
413 1282 524 1385 tuum,
553 1300 609 1366 sed
636 1288 855 1367 mo‘niimeutis
884 1303 1035 1366 aeternae
1061 1279 1166 1365 laddis
1193 1296 1358 1365 inciditur.

112 1420 139 1463 a
152 1402 245 1468 ibit
235 1424 272 1468 ιιι
293 1401 421 1469 saecula
449 1402 550 1469 fuisse
577 1404 770 1490 principem,
794 1404 845 1470 cui
868 1403 998 1469 florenti
970 1407 1059 1468 tet
1084 1401 1240 1469 ineolumi
1267 1422 1359 1466 uum·
1346 1405 1411 1475 ·55

152 1527 249 1592 quam
271 1505 336 1571 nisi
357 1505 476 1572 modici
497 1505 653 1591 honores,
677 1507 805 1593 saepius
827 1507 908 1573 nulli
924 1507 1184 1573 decernerentur.
1215 1508 1249 1571 et
1271 1527 1359 1590 sane,

153 1608 182 1674 si
199 1607 334 1674 velimus
354 1631 427 1674 cum
446 1609 590 1695 priorum
608 1614 794 1695 temporum·
805 1609 999 1676 necessitate
1016 1612 1157 1694 certare,
1178 1607 1360 1675 vincemur:

152 1711 353 1798 ingeniosior
370 1715 420 1778 est
435 1711 522 1779 enim
539 1709 580 1778 ad
598 1712 847 1801 excogitandum
869 1712 1032 1778 simulatio
1050 1711 1199 1796 veritate,
1221 1711 1359 1777 servitus

152 1814 320 1900 libertate,
344 1817 448 1881 metus
472 1836 590 1881 amore.
628 1815 739 1901 simul,
771 1838 843 1883 cum
870 1803 1085 1901 iampridem
1105 1815 1232 1880 novitas
1254 1812 1360 1879 omnis

115 1931 139 1974 ιι
153 1916 340 1984 adulatione
363 1920 555 2003 consumpta
575 1917 635 2003 sit,
658 1939 726 1984 nou
748 1918 831 1984 alius
854 1940 932 2006 erga
954 1922 987 1984 te
1010 1940 1111 1984 novus
1133 1916 1237 1983 honor
1251 1937 1361 2003 super·

105 2094 107 2099 7
153 2024 219 2107 est,
242 2042 339 2107 quam
361 2019 390 2086 si
412 2019 587 2107 aliquando
614 2021 654 2087 de
680 2025 714 2087 te
741 2024 851 2088 tacere
874 2022 1057 2088 audeamus.
1095 2037 1179 2108 age,
1202 2019 1360 2106 siquando

153 2112 258 2210 pietas
279 2127 392 2189 nostra
420 2123 597 2190 silentium
613 2124 762 2210 rupit'et
790 2124 1017 2191 verecundiam
1038 2127 1128 2189 tuam
1154 2123 1249 2207 vicit,
1279 2144 1361 2209 quae

152 2227 325 2314 qualiaque
347 2230 404 2294 aut
425 2226 627 2294 decernimus
654 2249 715 2292 nos
742 2230 800 2298 aut
825 2226 863 2293 tu
884 2249 952 2292 non
973 2228 1117 2293 recusas!
1145 2229 1183 2292 ut
1203 2230 1362 2313 appareat

153 2353 220 2396 nou
243 2330 394 2418 superbia
417 2333 450 2396 et
477 2330 609 2396 fastidio
637 2332 670 2395 te
693 2330 908 2417 amplissimos
930 2330 1068 2397 honores
1091 2330 1276 2417 repudiare,
1305 2329 1360 2416 qui

115 2432 384 2500 ²⁰minore's'non
406 2431 602 2520 dedigneris.
636 2432 802 2518 pulchrius
830 2432 908 2518 hoe,
938 2433 1071 2519 Caesar,
1101 2456 1198 2520 quam
1220 2433 1248 2498 si
1270 2454 1360 2500 recu·

152 2557 242 2602 sares
271 2533 408 2603 omnesz'
423 2539 511 2601 «nam
538 2557 686 2601 recusare
716 2558 828 2601 omnes
862 2537 1066 2623 ambitionis,
1101 2536 1277 2602 moderatio
1311 2538 1361 2602 est

153 2639 274 2726 eligere
296 2639 512 2725 parcissimos.
547 2661 611 2725 quo
633 2642 890 2725 temperamento
914 2644 946 2705 et
967 2640 1061 2706 nobis
1084 2644 1118 2706 et
1139 2624 1264 2704 aerario
1286 2660 1360 2704 con-

153 2743 247 2808 sulis:
271 2742 365 2808 nobis
380 2741 526 2828 quidem,
544 2742 628 2829 quod
643 2743 732 2808 omni
747 2742 865 2808 liberas
879 2744 1077 2831 suspicione3
1101 2742 1226 2809 aerario
1242 2744 1360 2826 autern,

153 2847 239 2933 quod
259 2846 442 2932 sumptibus
465 2845 533 2911 eius
556 2845 689 2912 adhibes
712 2846 860 2932 modum,
884 2849 921 2912 ut
942 2847 997 2932 qui
1013 2833 1208 2913 exhaustum
1225 2867 1293 2910 non
1315 2844 1360 2909 sis

113 2950 378 3016 25ιιιιιοιειιιιιιιιι
399 2949 494 3015 bonis
517 2948 709 3035 repleturus.
748 2952 839 3015 stant
859 2950 962 3036 igitur
984 2950 1110 3037 effigies
1132 2951 1224 3034 tuae,
1248 2947 1359 3034 quales

153 3053 238 3118 olim>
258 3053 299 3118 ob
327 3051 473 3138 egregia·
493 3052 528 3117 in
557 3051 817 3137 rempublicam
846 3054 961 3118 merita
988 3053 1124 3139 privatis
1151 3051 1359 3117 dicabantur:

153 3155 303 3221 visuntur
325 3155 437 3220 eadem
459 3177 477 3220 e
498 3155 635 3220 materia
658 3154 805 3222 Caesaris
828 3159 973 3241 statuae,
998 3179 1061 3242 qua
1084 3154 1273 3238 Brutorum,
1296 3176 1361 3240 qua

154 3257 374 3326 Camillorum
418 3281 479 3324 nec
509 3258 669 3344 discrepat
704 3280 811 3323 causa.
855 3257 903 3322 illi
933 3259 1019 3324 euim
1047 3243 1141 3345 reges
1170 3257 1360 3343 hostemque

156 3361 309 3447 victorem
331 3362 499 3454 moenibus
523 3361 730 3461 depulerunt:
701 3360 806 3426 thia
821 3383 959 3447 regnum
980 3361 1103 3447 ipsum,
1129 3382 1274 3448 quaeque
1296 3358 1364 3425 alia

111 3478 141 3520 ³⁰
155 3464 327 3580 captivitas
350 3447 476 3551 gignit,
495 3451 599 3529 arcet
620 3485 657 3528 ac
677 3456 860 3529 summovet
887 3462 1058 3550 sedemque
1085 3463 1212 3530 abtihet
1237 3462 1361 3578 prinsq-
1462 3477 1465 3482 ’

153 3568 221 3654 pis,
244 3589 289 3633 ne
309 3567 353 3633 sit
374 3566 505 3634 domiuo
526 3566 625 3633 locus.
663 3589 701 3632 ac
723 3565 870 3632 mihit
818 3591 853 3632 ιιι
855 3569 962 3633 tuenti
981 3567 1284 3653 sapientiamhiam
1302 3565 1360 3631 mi·-

222 3861 323 3930 balio]
345 3864 439 3930 ιιιιοΔ
509 3866 608 3915 'lente
627 3867 654 3913 te
674 3863 805 3914 Liuineius
822 3868 888 3915 aute
905 3865 995 3914 nod
1063 3861 1217 3924 uoluisset
1287 3857 1360 3923 quod

153 3947 219 3998 ergo
247 3932 417 3998 cuspinianus
448 3941 473 3983 ei
499 3933 613 3983 sublata
632 3933 795 3982 distinetione
826 3940 886 3998 post
916 3933 1051 3983 inciditur
1081 3949 1095 3983 e
1121 3931 1209 3982 codice
1238 3928 1359 3979 Parasino

154 4000 315 4052 Scbwurzius
453 4004 469 4052 9
487 4000 619 4051 inciditur
636 4000 699 4050 sae
719 4000 856 4051 exciditur
873 4003 896 4051 Δ
913 4001 1037 4052 incidere
1055 4001 1072 4049 d
1193 4000 1223 4049 11
1244 3992 1358 4062 modici]

155 4068 227 4121 modi
244 4071 261 4119 b
331 4069 550 4120 decernerentur
566 4070 656 4119 asca
671 4067 856 4119 decernuntur
873 4068 928 4119 Δί,
1006 4072 1037 4120 12
1057 4068 1230 4120 necessitate
1249 4070 1359 4115 certare

154 4136 265 4203 (uetare
281 4139 306 4187 Δ
323 4143 446 4189 certare
451 4137 516 4197 Δί)
542 4143 687 4187 uincamur
706 4138 749 4187 Ac
768 4139 934 4188 necessitate
953 4139 1127 4189 uinceremur
1147 4142 1253 4187 certare
1270 4134 1292 4183 B
1311 4148 1358 4183 ne·

155 4208 288 4259 cessitate
308 4213 415 4257 certare
429 4207 573 4257 uincamus
590 4207 607 4256 d
625 4208 792 4256 necessitate
810 4211 918 4257 certare
938 4207 1112 4258 uinceremur
1131 4217 1148 4261 ς
1236 4206 1266 4255 13
1286 4201 1359 4252 euim

154 4277 241 4326 aad
311 4274 570 4326 mutuationes
649 4276 680 4324 16
700 4271 861 4340 audeamus]
879 4276 1055 4326 uideamurc
1144 4276 1174 4325 17
1193 4278 1267 4322 tuam
1287 4271 1361 4340 rupit

154 4345 260 4395 uicitb
331 4345 363 4395 18
381 4348 431 4394 aut
448 4345 537 4407 priore
555 4347 610 4394 ioco
629 4361 676 4396 om.
695 4344 725 4404 B,
744 4352 888 4409 ιιινοιμιες
939 4347 972 4395 20
995 4341 1158 4410 dedignaris
1177 4342 1214 4404 βιι
1232 4328 1360 4406 dagheris

153 4429 223 4464 corr.
242 4412 434 4480 dedignerisb
487 4415 516 4462 ‘21
539 4381 736 4463 moderationis
756 4417 834 4466 ests
903 4413 1134 4462 ructuabis-
1153 4410 1360 4475 assumptibus

153 4482 199 4533 Ad
216 4487 246 4533 et
263 4482 344 4533 nobis
363 4487 392 4532 et
409 4480 516 4533 aerario
534 4487 629 4532 autem
647 4481 720 4548 quod
732 4481 920 4545 sumptibusB
940 4488 968 4532 et
986 4482 1066 4531 nobis
1086 4484 1114 4531 et
1130 4480 1240 4530 aerario
1259 4478 1360 4544 prodes

155 4549 225 4616 quod
245 4552 400 4618 sumptibus
418 4565 455 4607 ος
523 4552 557 4602 23
576 4566 644 4616 quos
663 4551 737 4601 omui
755 4549 887 4601 Sebwcrz'
864 4566 916 4602 ius
985 4551 1018 4600 26
1037 4549 1206 4600 dicabantur
1222 4549 1266 4604 Δς
1285 4548 1359 4599 dice·

155 4621 259 4671 bautur
276 4619 400 4672 Α’Βιοιι
469 4622 501 4673 31
521 4635 555 4672 cc
573 4618 641 4672 mihi
657 4619 699 4671 so
718 4618 896 4672 utuinisi
