2934 4966
290 292 293 298 '
341 313 344 317 ·
429 260 695 374 ‘uersuumusuu
717 305 779 354 v11.
795 302 845 352 aa.
866 301 909 352 24.
923 302 957 352 es
980 299 1015 367 (a
1032 298 1093 368 ποτ)
1310 290 1373 358 199

109 460 113 467 ’
164 485 238 530 cum
250 461 331 527 mihi
347 440 588 532 commendaret
601 459 730 547 nepotis
746 448 797 526 sui
817 459 942 545 studia,
966 458 1070 526 solere
1085 483 1135 548 se,
1157 463 1195 528 ut
1214 442 1382 550 feminam‘

162 567 199 632 in
220 565 278 632 illo
298 564 367 631 otio
394 585 505 649 sexus,
534 565 645 630 laxare
667 565 811 630 animum
832 564 906 629 lusu
928 561 1139 649 calculomm,
1169 565 1271 631 solere
1301 586 1372 652 sps

164 672 253 734 ctare
263 667 485 753 pantomimos
500 690 589 752 suos,
612 668 669 735 scd
683 690 757 734 cum
771 668 900 733 factura
915 671 1000 733 esset
1015 667 1218 753 alterutrum,
1245 691 1373 754 semper

163 793 198 837 se
225 770 338 856 nepoti
365 792 422 836 suo
449 771 670 858 praecepisse,
701 772 806 837 abiret
834 770 1056 857 studeremue3
1087 770 1172 857 quod
1199 768 1281 836 mihi
1305 793 1372 838 non

137 893 272 940 ramore
293 873 362 939 eius
384 874 491 961 magis
517 874 626 940 facere
648 896 744 960 qusm
766 860 948 940 reverentia
975 873 1156 939 videbatur.
1189 873 1371 959 miraberis,
1382 874 1412 942 6·

164 981 198 1044 et
221 997 283 1063 ego
304 976 441 1043 miratus
463 998 550 1043 sum:
579 977 735 1064 proximis
761 976 1012 1042 sacerdotalibus
1040 974 1125 1040 ludis
1152 974 1317 1061 productis
1338 976 1374 1043 in

165 1078 390 1146 commissione
411 1080 638 1165 pantomimis,
669 1101 742 1145 cum
770 1079 866 1146 simul
895 1078 1025 1144 theatro
1047 1099 1108 1164 ego
1135 1081 1169 1142 et
1190 1069 1374 1154 Quadratus

164 1182 404 1269 egrederemur,
434 1182 481 1246 ait
502 1180 583 1248 mihi
605 1181 680 1247 ‘scis
702 1204 755 1247 me
776 1180 872 1247 hodie
894 1181 1035 1267 primum
1056 1180 1175 1245 vidisse
1197 1180 1373 1247 saltantem

164 1284 255 1350 uriae
270 1305 362 1349 mese
382 1283 580 1351 libertumi'.
613 1283 675 1351 hoc
689 1306 800 1370 nepos.
825 1288 860 1350 at
876 1284 1006 1350 hercule
1022 1282 1211 1349 alienissimi
1225 1281 1418 1352 homiuesl-
1454 1359 1457 1364 ,

125 1388 200 1454 min
221 1387 377 1452 honorem
398 1385 616 1463 Quadratillae
639 1387 752 1473 (pudet
772 1409 826 1452 me
854 1387 972 1460 dixisse
994 1389 1160 1472 honorem)
1184 1409 1242 1474 per
1264 1387 1374 1453 adula·
1404 1417 1406 1422 ·

162 1490 263 1556 tionis
284 1489 430 1556 officium
450 1490 486 1555 in
507 1489 671 1555 theatrum
694 1490 910 1574 cursitabant,
934 1489 1136 1574 exultabant,
1159 1489 1372 1575 plaudebant,

139 1636 142 1641 -
163 1592 369 1660 mirabantur
390 1614 429 1658 ac
443 1592 559 1658 deinde
581 1593 727 1680 singulos
749 1596 859 1678 gestus
878 1591 1027 1658 dominae
1049 1613 1122 1658 curn
1144 1593 1282 1658 canticis
1303 1582 1384 1659 red?

163 1696 301 1782 debant3
323 1697 378 1782 qui
400 1717 490 1760 nunc
512 1696 721 1782 exiguissima
742 1695 870 1782 legata,
901 1693 1072 1760 theatralis
1094 1717 1211 1780 operae
1241 1694 1374 1761 corolla·

163 1799 265 1882 rium,
288 1797 451 1885 accipient
472 1798 513 1862 ab
528 1797 740 1883 herede,‚qui
762 1820 829 1863 non
844 1797 1024 1883 spectabat.
1058 1794 1156 1881 haee,
1180 1795 1257 1882 quia
1279 1795 1403 1884 soles,8
1449 1860 1451 1865 .

124 1901 270 1987 usrqmd
291 1901 408 1967 mordit
428 1900 520 1984 novi,
547 1922 615 1965 non
637 1900 759 1966 invitus
783 1899 907 1984 audire,
937 1898 1069 1983 deinde,
1099 1898 1176 1985 quia
1198 1898 1373 1991 iucundum
1418 1904 1420 1907 ’

164 2005 216 2067 est
241 2001 321 2067 mihi
349 2003 435 2088 quod
462 2024 611 2088 ceperam
638 2002 792 2088 gaudium
820 2001 991 2067 scribendo
1017 2005 1207 2067 retractare.
1246 2001 1373 2088 gaudeo

164 2105 253 2170 enim
267 2105 390 2190 pictate
405 2104 579 2170 defunctae
587 2155 596 2189 ,
618 2104 741 2169 honore
756 2104 871 2190 optimi
885 2103 1027 2188 iuvenis,
1050 2103 1154 2169 laetor
1174 2104 1273 2170 etiam
1288 2105 1374 2190 quod

164 2207 277 2272 domus
300 2207 473 2293 aliquando
489 2207 524 2274 Ο.
548 2207 655 2291 Cassi,
679 2206 772 2272 huius
796 2207 851 2292 qui
872 2206 1047 2273 Cassianae
1070 2205 1199 2272 scholae
1220 2206 1373 2293 princeps

164 2314 199 2375 et
220 2331 338 2395 parens
359 2310 439 2394 fuit,
463 2311 581 2375 serviet
603 2309 733 2374 domino
755 2331 823 2375 non
844 2309 973 2375 minori.
1011 2309 1152 2394 inplebit
1173 2309 1262 2374 enim
1282 2308 1403 2376 illam9

122 2406 349 2489 soQuadratus
368 2427 465 2478 'meus
494 2416 528 2477 et
555 2412 682 2478 decebit
710 2433 881 2498 rursusque
915 2413 945 2476 ei
974 2412 1146 2497 pristinam
1177 2411 1373 2498 dignitatem

166 2515 388 2604 celebritatem
417 2515 554 2601 gloriam
583 2514 711 2598 reddet,
743 2536 816 2578 cum
843 2517 956 2579 tantus
978 2516 1088 2579 orator
1109 2513 1185 2579 inde
1206 2513 1372 2600 procedet,

164 2621 307 2704 quantus
329 2618 409 2683 iuris
430 2617 485 2683 ille
508 2616 685 2683 consultus.
719 2617 801 2722 uale.

685 2785 795 2854 XXV.
870 2830 872 2834 -

542 2910 573 2964 c.
592 2910 742 2963 surmus
760 2908 858 2961 surio
877 2908 949 2961 suo
968 2909 996 2964 s.

124 3052 153 3092 ss
252 3028 280 3094 0
297 3030 454 3114 quantum
469 3027 667 3092 eruditorum
682 3031 739 3092 aut
752 3027 916 3104 modestia,
928 3027 1074 3112 *ipsorum
1091 3028 1148 3091 eut
1161 3026 1252 3112 quies
1267 3025 1401 3111 operitl

166 3154 206 3197 ac
227 3129 392 3197 subtrahit
412 3130 535 3195 famae!
570 3133 605 3194 at
620 3152 678 3195 nos
694 3152 748 3196 cos
767 3134 898 3195 tantum
913 3130 1031 3195 dicturi
1048 3129 1169 3215 aliquid
1184 3132 1240 3194 eut
1255 3128 1372 3195 lecturi
1436 3172 1445 3198 ,«

127 3291 129 3295 .
165 3234 333 3319 timemus,
355 3234 411 3318 qui
432 3232 539 3298 studia
561 3254 619 3296 sua
639 3232 823 3318 proferunt,
847 3254 920 3297 cum
941 3232 990 3296 illi
1012 3232 1068 3318 qui
1089 3235 1202 3297 tacent
1222 3230 1285 3297 hoc
1306 3252 1373 3297 arn·
1447 3258 1451 3264 ·

165 3337 251 3422 plius
272 3323 440 3421 praestent
446 3334 467 3420 ,⁸
479 3334 563 3420 quod
586 3335 856 3420 maximumopus
878 3335 1008 3400 silentio
1030 3338 1228 3401 reverentur.
1260 3354 1370 3420 exper-

236 3582 250 3631 1
269 3578 472 3630 commendares
490 3579 512 3626 D
531 3577 738 3628 commendarat
758 3592 775 3640 p
844 3577 969 3628 foemina
993 3577 1022 3626 in
1046 3577 1103 3627 otio
1123 3576 1206 3641 illop
1276 3578 1292 3628 3
1310 3591 1373 3626 cum

166 3650 277 3700 iactura
295 3647 450 3701 cssethiss
468 3661 528 3696 cum
548 3647 674 3696 facturus
693 3651 793 3696 essetr
811 3662 871 3695 curu
886 3646 1010 3696 facturus
1030 3650 1132 3707 essetp
1151 3661 1214 3696 cum
1232 3646 1262 3695 in
1280 3645 1374 3694 sactu·

167 3719 205 3768 rIs
224 3718 338 3766 essetD
408 3716 617 3781 dproximusp
686 3717 752 3764 Ost
769 3714 880 3764 hercule
898 3716 947 3764 Ha
965 3715 999 3764 ab
1019 3712 1373 3777 herculerlierculepat

166 3784 384 3836 herculesliat
403 3783 560 3833 mehercule
580 3796 619 3838 ς·
666 3785 698 3832 10
716 3783 866 3833 inhonore
884 3784 928 3844 Dp
998 3781 1084 3849 pudet
1102 3798 1146 3832 me
1164 3782 1268 3832 dixisse
1286 3781 1373 3832 hono·
1441 3836 1445 3840 ,

166 3870 224 3904 rem
242 3853 315 3918 quod
332 3859 378 3904 est
396 3851 566 3902 adulationis
584 3851 707 3902 officium
724 3851 750 3901 l.
771 3852 799 3901 F.
821 3852 963 3903 Gronovius
981 3855 1007 3902 in
1029 3851 1091 3901 Tac.
1110 3867 1170 3902 anu.
1189 3850 1207 3901 Ι
1225 3853 1259 3900 16
1340 3851 1370 3901 11

167 3921 338 3988 plaudebant
355 3937 403 3972 orn.
420 3923 490 3982 Dpr,
511 3921 657 3974 cddltss
739 3922 770 3970 13
789 3920 955 3971 cerularium
972 3922 1001 3968 1
1019 3918 1217 3971 corclariumr
1285 3919 1319 3967 14
1337 3916 1373 3968 ed

166 3990 280 4042 heredes
297 3991 319 4038 D
388 3985 549 4055 spectabat]
569 3987 740 4053 suscipiebat
756 4002 772 4050 p
833 3989 902 4039 hucc
922 3989 988 4053 quia
1004 3990 1079 4051 Πῦρ
1097 3987 1167 4038 haec
1186 3986 1286 4052 scripsi
1305 3986 1373 4050 quis

166 4075 184 4111 a
201 4060 255 4114 hec
273 4058 374 4124 scripsi
400 4058 516 4123 primum
544 4058 611 4122 quis
627 4069 664 4111 rs
691 4070 819 4118 quorsum
844 4057 932 4107 haec?
960 4058 1027 4122 quia
1054 4058 1139 4107 codex
1166 4055 1252 4106 Medii
1268 4062 1371 4109 nonunt.

166 4132 225 4184 lect.
244 4131 278 4178 92
298 4127 372 4180 Grac,
390 4131 466 4190 luins.
490 4125 557 4190 Vp.
577 4128 629 4174 242
657 4139 785 4188 quorsum
812 4125 970 4176 scribebam
993 4124 1084 4175 haec?
1111 4125 1253 4175 Sicdardus
1340 4125 1372 4176 15

167 4213 222 4249 uon
240 4196 358 4248 intuitus
375 4196 403 4244 Μ
471 4196 504 4244 lii
522 4193 588 4243 mihi
608 4191 678 4259 quod
696 4195 772 4242 mna
790 4194 819 4242 iu
837 4193 889 4244 hoc
908 4193 982 4257 quod
1000 4208 1016 4256 p
1040 4192 1108 4242 mihi
1125 4194 1154 4242 in
1172 4191 1226 4242 hoc
1245 4190 1319 4256 quod
1335 4205 1373 4248 rs

237 4280 366 4332 ceperum
385 4264 434 4312 Hs.
451 4262 569 4328 ceperim
588 4277 624 4325 pr
643 4262 778 4326 coeperim
796 4263 841 4316 Its
912 4265 942 4313 17
961 4260 1269 4312 honoredefunctaeli
1339 4262 1372 4312 18

167 4350 192 4385 c.
211 4335 287 4386 cassi
303 4347 340 4389 τς
360 4348 386 4393 e.
406 4331 479 4381 cassi
497 4332 525 4379 Μ
543 4346 566 4380 c.
587 4332 673 4380 cassii
690 4332 756 4393 lips
843 4331 947 4380 isfuit
969 4346 1016 4382 cru.
1035 4330 1078 4392 Dp
1164 4327 1284 4394 inplebit
1300 4331 1372 4386 Μςι

166 4402 294 4470 impleuit
310 4404 372 4462 npr
474 4403 507 4450 ‘20
526 4406 554 4450 ct
572 4399 686 4449 ‹lecebit
703 4401 753 4448 ila
775 4403 802 4448 ct
821 4398 930 4449 decedit
946 4413 963 4461 p
982 4402 1011 4447 et
1029 4397 1150 4448 decessit
1166 4398 1187 4446 n
1207 4402 1236 4448 et
1255 4398 1372 4451 excedet

165 4483 204 4526 τς
274 4470 301 4520 ei
317 4470 366 4518 his.
384 4474 412 4520 et
429 4469 491 4532 Ilpr
560 4470 591 4518 21
613 4468 858 4534 celebritatemque
878 4466 973 4517 reddet
990 4466 1018 4514 hi

234 4538 312 4589 XXV
329 4538 363 4588 26
381 4534 427 4605 ac]
449 4542 477 4589 et
494 4551 511 4585 s
579 4535 702 4588 lectituri
719 4538 747 4586 u
827 4537 860 4587 27
879 4550 930 4586 sua
948 4547 1030 4597 om.p
1098 4527 1165 4600 hoc]
1183 4533 1268 4599 hosp
1337 4538 1371 4590 28

166 4607 368 4660 reuerentern
884 4609 894 4623 ·
1301 4608 1305 4621 ¹
