2934 4966
291 315 540 366 arraruusnurr
561 315 611 365 vr.
636 310 677 362 ra.
694 311 735 361 rs.
750 310 791 361 14.
813 309 854 360 ra.
877 305 913 374 (a
929 295 987 360 roc.
1003 277 1064 372 ror)
1220 294 1281 362 157

73 473 246 540 mirificus:
267 490 345 537 nam
366 470 415 536 illi
437 491 564 558 quoqne
585 470 641 556 qui
668 468 759 556 prius
786 470 951 555 negarant
971 466 1104 534 Vareno
1125 487 1208 553 quae
1228 488 1284 552 pe·

74 575 169 642 tabat
189 573 303 640 eadem
325 571 448 659 danda,
469 577 643 660 postquam
664 574 761 638 eraut
782 570 874 654 data,
898 573 1109 637 censuerunt:
1137 569 1315 657 singolos4

76 679 163 745 enim
184 679 316 764 integra
336 697 372 742 re
394 676 566 743 dissentire
593 675 644 742 fas
666 696 752 758 esse,
780 675 915 759 peracta
943 672 1027 760 quod
1049 672 1195 760 pluribus
1216 673 1285 760 pla·

77 781 198 848 auisset
234 779 362 847 cunctis
396 779 565 846 tuendum.
620 777 747 845 Acilius
778 778 908 841 tantum
930 774 1036 840 Rufus
1072 779 1106 841 ct
1139 798 1212 842 cum
1248 777 1315 842 eoi)
1395 790 1397 795 ·

47 887 211 972 Ἰιεθρὺθιὶῐ
225 904 268 949 an
296 885 386 966 octo,
412 886 550 968 'septem’
567 881 684 967 immo,
711 879 746 945 in
774 879 883 965 priore
911 879 1075 944 sententia
1102 900 1294 964 perseveras

76 990 166 1053 runt.
210 987 307 1052 erant
327 985 363 1050 in
385 983 449 1050 hac
469 985 635 1072 paucitate
649 1005 717 1050 non
739 969 821 1049 nulli
843 999 978 1069 quorum
994 980 1191 1066 temporina
1211 986 1289 1066 grass

76 1088 162 1154 vitas
183 1087 235 1154 rel
256 1086 366 1172 potius
387 1087 560 1174 gravitatis
581 1086 722 1153 imitatio
740 1085 917 1152 ridebatur.
948 1088 985 1151 tu
1007 1087 1117 1149 tamen
1141 1082 1316 1176 assumam

73 1192 236 1276 'quantum
267 1210 328 1255 nos
355 1189 392 1256 in
422 1191 494 1275 ipra
525 1211 638 1277 pugna
673 1174 860 1257 certaminis
888 1190 1036 1271 maneat„
1072 1185 1162 1252 cuius
1194 1185 1287 1271 quasi

78 1291 241 1378 praelusio
264 1295 362 1378 atqua
383 1291 652 1378 praecursiones
676 1291 902 1358 contentiones
924 1272 1086 1356 excitirit.
1118 1286 1200 1354 vale.

38 1497 68 1540 ro
141 1506 143 1510 ⁴
339 1453 342 1458 ¹
602 1462 712 1532 XIIII.

56 1603 58 1607 ’
426 1586 457 1656 C
474 1585 627 1640 PLINIUS
642 1585 810 1670 namuco
829 1584 900 1638 SUO
918 1585 946 1638 S.

30 1695 35 1702 ’
81 1773 82 1776 ,
138 1696 142 1702 “
168 1701 331 1771 Sollicitas
353 1726 406 1770 rue
426 1704 463 1777 in
477 1703 697 1775 Formianum.
728 1689 859 1770 reniam
873 1725 911 1768 ea
934 1694 1133 1787 condicione,
1155 1721 1198 1767 ne
1212 1699 1316 1786 quidl
1395 1700 1398 1706 ’

83 1808 196 1873 contra
218 1807 419 1873 commodum
441 1811 537 1875 tuum·
555 1807 674 1891 facias3
701 1829 764 1892 qua
791 1805 943 1892 pactione
964 1804 1106 1870 invicem
1131 1802 1212 1869 mihi
1240 1824 1290 1868 ca·

83 1929 153 1974 veo.
190 1911 407 1996 nequeenim
428 1932 518 1976 mare
540 1913 574 1976 et
602 1909 697 1994 litus,
725 1909 780 1975 sed
807 1912 859 1993 te,
888 1908 1006 1983 otium,
1034 1907 1221 1972 libertatern
1243 1925 1291 1970 se·

41 2033 179 2098 isquor:
201 2011 322 2098 alioqui
344 2012 447 2078 satius
470 2012 576 2079 estin
597 2011 678 2078 urbe
699 2032 877 2078 remanere.
922 2012 1051 2096 oportet
1073 2008 1160 2074 enim
1182 2006 1321 2078 omnia2
1357 2075 1359 2079 ,

84 2117 142 2179 aut
167 2113 209 2178 ad
231 2112 374 2181 alienum
387 2115 558 2181 arbitrium
571 2118 629 2181 aut
642 2114 683 2181 ad
702 2136 795 2180 suum
806 2114 934 2179 facere:
956 2113 1020 2178 mei
1034 2115 1121 2178 certe
1132 2109 1291 2176 stomachi
1352 2149 1356 2154 -
1396 2151 1403 2158 ⁴.

83 2216 167 2283 haec
187 2221 306 2284 natura
328 2220 394 2303 est,
418 2223 457 2284 ut
476 2217 561 2296 nilnl
582 2217 647 2284 nisi
670 2217 775 2283 tottim
797 2220 832 2283 et
852 2236 977 2282 merum
998 2215 1088 2304 velit.
1124 2212 1208 2306 rale

654 2387 766 2456 XV.-=·
832 2436 850 2441 ›-
915 2388 937 2443 st
978 2439 979 2442 ,

433 2513 465 2567 o.
481 2513 633 2567 surmus
652 2482 810 2566 nomm
829 2510 900 2565 suo
918 2510 947 2563 s,

45 2662 73 2702 m
134 2610 139 2621 ⁸
172 2615 330 2696 Mirificee
352 2631 400 2696 rei
422 2640 489 2697 n'on
503 2619 699 2697 interfuisti:
722 2652 764 2696 ne
785 2651 847 2717 ego
862 2628 1007 2715 quidem3
1030 2627 1085 2692 sed
1106 2647 1158 2691 me
1180 2622 1322 2703 recensl
1368 2700 1371 2704 ⁴
1419 2700 1421 2704 Α

33 2753 40 2761 ·
85 2732 209 2798 fabula.
225 2735 363 2820 excepit.
414 2738 598 2805 Rassennus
625 2733 762 2815 Paulus,
793 2731 981 2818 splendidus
1009 2752 1106 2817 eques
1127 2728 1298 2806 Romanus.
1329 2774 1363 2780 --

86 2842 121 2901 et
141 2836 177 2902 in
198 2836 313 2922 primis
341 2837 503 2922 eruditus,
531 2837 646 2909 nnsis
674 2837 794 2923 elegos.
833 2834 1038 2922 gentilicium
1060 2832 1123 2898 hoc
1143 2831 1208 2897 illi:
1245 2833 1296 2895 est
1339 2831 1341 2837 ’

88 2939 174 3005 enim
196 2940 367 3036 municeps
389 2939 539 3026 Properti
562 2943 659 3026 atque
682 2941 782 3004 etiam
803 2939 890 3004 inter
911 2938 1049 3004 maiores
1072 2956 1146 3000 suos
1160 2933 1296 3019 Proper·

87 3043 169 3107 tium
205 3047 367 3109 numerat.
411 3045 440 3109 is
478 3065 550 3110 curn
583 3044 752 3128 recitaret,
790 3043 838 3107 ita
871 3040 976 3126 coepit
998 3039 1119 3123 dicere,
1155 3035 1327 3120 ‘Prisce‚2
1432 3083 1435 3088 <

47 3144 209 3219 25iubes’.
254 3143 295 3210 sd
317 3144 379 3211 hoo
400 3144 572 3211 Iavolenus
594 3146 726 3213 Priscus
754 3145 882 3234 (aderat
904 3144 1007 3229 enirn,
1035 3145 1073 3208 ut
1093 3138 1197 3208 Paulo
1219 3137 1298 3204 ami-

88 3338 295 3350 *nannum—Q

12 3514 17 3522 ,
56 3516 58 3520 ³
137 3462 315 3527 ¹retroque]
331 3469 502 3528 ‚wacqnap
584 3466 722 3525 negarent
737 3461 799 3530 pr*
885 3454 993 3522 sesso]
1015 3460 1090 3508 estr
1158 3455 1299 3504 stantum

88 3529 169 3580 ratus
184 3518 261 3578 ἵει.
280 3529 531 3596 tantuntrlr‘sns'li'
545 3533 639 3579 tamen
667 3539 761 3578 rursus
778 3527 925 3589 prensam
948 3530 1077 3580 rursuss
1179 3521 1300 3587 ipriori
1342 3535 1344 3538 ·

41 3647 43 3653 .
88 3599 168 3660 nor,
208 3597 469 3664 ,perseuerare-Rp
520 3597 796 3661 carantanum
865 3595 1035 3660 temporaria
1054 3595 1149 3656 lipsa
1166 3596 1300 3656 tempora·

90 3666 131 3716 lia
147 3667 170 3716 lt
189 3665 382 3732 temporalier
433 3667 450 3716 8
470 3672 602 3731 quantum
621 3680 672 3715 nos
690 3668 719 3715 in
739 3668 800 3730 ipsa
815 3657 912 3730 'pugna
928 3663 1086 3713 certaminis
1105 3665 1219 3710 maneat
1234 3657 1301 3719 Ilpa

91 3741 223 3800 quantum
241 3736 377 3800 proelium
397 3741 503 3800 quanta
521 3749 614 3800 pugna
631 3734 778 3784 certamini
796 3741 910 3783 mancat
925 3734 953 3780 n
972 3738 1104 3798 quantum
1122 3744 1173 3779 nos
1191 3729 1219 3777 in
1237 3728 1300 3791 ipsa

90 3817 185 3869 pugna
202 3804 283 3867 prelii
303 3809 332 3853 et
349 3803 508 3853 certaminis
528 3809 642 3852 maneat
659 3815 695 3857 ις
764 3804 781 3853 9
800 3801 888 3867 adque
905 3803 932 3851 ll
1002 3794 1066 3866 lias]
1085 3797 1138 3847 hac
1156 3810 1171 3845 r

160 3870 243 3922 XIIII
262 3875 292 3922 11
308 3871 449 3937 Inscriptio
468 3875 595 3938 epistulae
612 3877 706 3923 omissa
724 3878 763 3922 ert
781 3873 840 3933 inp
928 3872 960 3920 12
980 3884 1012 3919 ea
1032 3866 1191 3919 conditione
1209 3864 1302 3921 lites

90 3955 127 3992 ex
145 3941 303 3992 conditione
321 3942 366 4003 Dp
454 3945 486 3991 ln
504 3941 657 4006 particen
675 3941 838 4006 peractione
856 3953 872 4002 p
944 3941 976 3988 14
994 3936 1043 3987 sed
1068 3941 1096 3986 ta
1115 3934 1200 3986 otium
1218 3930 1300 3982 liber·

92 4014 179 4059 tatem
198 4010 249 4057 lia
275 4007 324 4059 sed
351 4014 379 4059 te
403 4008 490 4060 otium
510 4014 538 4058 et
562 4009 717 4058 libertatem
736 4008 799 4062 ilrs
826 4009 873 4058 sed
900 4009 986 4058 otium
1005 4011 1034 4056 et
1050 4003 1208 4054 libertatem
1226 4013 1243 4063 p
1262 3998 1301 4048 Si·

90 4078 204 4128 clardue
222 4085 248 4128 et
266 4075 447 4128 ‘menrbranoe'
467 4077 554 4127 limiti
571 4083 672 4128 novant.
691 4079 749 4128 lect.
763 4078 796 4127 51
816 4075 889 4127 Grai.
908 4081 985 4140 lurrrp.
1009 4075 1034 4125 V
1048 4090 1077 4139 p.
1096 4074 1149 4122 136

10 4161 12 4165 ·
161 4145 212 4196 XV
231 4150 263 4198 19
282 4145 436 4197 noriano
455 4147 563 4195 Mllra·
576 4145 700 4196 Voconio
720 4145 843 4195 Romano
862 4158 892 4200 5:
907 4145 1042 4208 inscriptio
1066 4141 1191 4206 epistulae
1209 4138 1303 4189 orituro

92 4223 132 4265 est
151 4217 212 4279 inp
281 4217 315 4266 20
333 4212 385 4280 roi]
407 4216 476 4264 rell
529 4230 584 4266 non
602 4213 755 4265 interfuisti
773 4229 807 4264 ne
827 4229 879 4278 ego
898 4212 1008 4278 quidem
1027 4212 1075 4259 Ha
1093 4207 1302 4258 interfuistine?

82 4284 415 4419 trinitati„
429 4282 483 4403 {ii
497 4299 660 4409 ‘itini
672 4282 778 4401 “i'‘ii
790 4283 967 4401 itini:
979 4279 1110 4421 rripit
1124 4281 1303 4396 ‘tiit-‘tlt

93 4423 194 4476 auecta.
216 4422 275 4474 Ges.
293 4423 319 4472 d.
343 4420 423 4472 Wirs.
441 4421 460 4472 l
477 4420 514 4485 (a.
535 4425 615 4488 1819)
631 4439 660 4488 p.
680 4423 734 4472 203
754 4419 921 4485 pnascnnius
938 4419 960 4465 1>
979 4417 1127 4482 passerius
1145 4416 1217 4478 Ilpa
1234 4412 1303 4463 Pas-

94 4490 190 4541 sienus
207 4503 244 4546 τς
278 4552 280 4556 ,
325 4492 358 4541 22
377 4490 472 4556 elegos
491 4492 652 4542 cantilieum
669 4492 691 4540 a
711 4489 785 4553 eligo
804 4486 1016 4549 scentilicump
1114 4486 1147 4535 23
1166 4481 1306 4600 Propertii

93 4574 156 4617 rsa
242 4560 376 4626 adque!
465 4559 597 4627 maiores]
618 4558 748 4612 mareoli
835 4559 869 4607 24
888 4557 912 4606 is
936 4557 1022 4607 omli
1109 4555 1143 4604 ‘lt
1161 4554 1308 4602 iauoeuus

93 4633 162 4696 npn
179 4629 331 4682 labolanus
347 4643 385 4687 rr
402 4627 519 4682 uolenus
535 4631 564 4682 Ι
1248 4641 1252 4647 ·
