2934 4966
116 349 123 362 ,
373 268 1146 398 ammonendum]s.[aa.]⁴a[as.]10.[o.]
1302 296 1367 374 273

158 480 198 545 ut
217 476 280 546 hoc
300 477 409 545 facere
431 500 528 565 quarn
549 477 768 545 maturissime
784 477 922 565 possim,
945 477 1118 565 indulgeas
1141 480 1365 545 commeatum.

158 584 303 648 nonest
330 584 440 649 autem
471 567 692 668 simplicitatis
718 604 810 649 meae
843 581 1045 648 dissimulare
1072 582 1158 667 apud
1186 582 1398 660 bonitatem5

157 687 250 749 tuam
277 684 382 751 obiter
408 688 441 771 te
468 685 646 770 plurimum
673 683 865 752 collaturum
893 683 1095 751 utilitatibus
1123 686 1170 751 rei
1197 683 1369 750 familiaris

158 807 259 852 meae.
295 808 447 874 agromm
475 786 563 853 enim
589 808 670 874 quos
696 787 733 853 iu
760 788 873 855 eadem
901 787 1035 875 regione
1062 787 1211 874 possideo
1237 788 1368 873 locatio,

131 907 234 954 scum
249 890 369 978 alioqui
385 888 491 959 0000
507 889 657 976 excedat,
681 891 761 956 adeo
776 912 844 958 non
859 894 968 977 potest
983 890 1120 975 differri,
1137 893 1174 955 ut
1187 892 1369 976 proximam

158 993 362 1085 putationem
391 1015 495 1059 novus
523 992 655 1059 colonus
690 991 799 1059 facere
827 994 955 1060 debeat.
1000 995 1168 1080 praeterea
1197 995 1369 1061 continuae
1456 1005 1461 1011 ‘

159 1096 348 1163 sterilitates
363 1099 486 1183 cogunt
498 1117 551 1162 me
566 1096 606 1162 de
620 1097 866 1164 remissionibus
882 1099 1043 1184 cogitare,
1059 1118 1194 1183 quarum
1208 1098 1369 1164 rationem

157 1198 223 1265 nisi
244 1219 399 1286 praesens
420 1196 505 1264 inire
519 1219 588 1282 non
601 1219 742 1285 possum.
776 1199 899 1266 debebo
915 1221 1004 1286 ergo,
1028 1200 1173 1289 domine,
1197 1199 1398 1288 indulgen-6

157 1301 225 1366 tiae
246 1294 321 1367 tuae
344 1305 378 1367 et
398 1300 530 1387 pietatis
548 1322 640 1367 meae
662 1300 861 1368 celeritatem
884 1305 917 1368 et
939 1305 1044 1368 status
1067 1298 1315 1389 ordinationem,
1340 1304 1368 1370 s'i

122 1403 240 1469 mmihi
260 1404 302 1470 ob
325 1409 462 1491 utraque
488 1403 570 1469 haec
593 1403 719 1470 dederis
742 1408 957 1471 commeatum
978 1403 1118 1491 triginta
1141 1405 1275 1473 dierum.
1310 1429 1368 1474 ne·

157 1529 220 1593 que
247 1508 336 1574 enim
363 1507 534 1594 angustius
563 1510 691 1593 tempus
712 1507 887 1594 praefinire
908 1528 1057 1594 possum,
1082 1530 1155 1574 cum
1177 1513 1212 1575 et
1231 1508 1369 1576 munici-

155 1610 248 1696 pium
269 1613 303 1676 et
317 1611 390 1696 agri
412 1610 582 1698 dequibus
604 1610 717 1698 loquor
731 1611 800 1677 sint
818 1610 906 1677 ultra
921 1613 1134 1677 centesimum
1156 1615 1190 1679 et
1211 1613 1369 1700 quinqua·

156 1713 319 1800 gesimam
340 1712 494 1800 lapidem.
1111 1728 1115 1734 '

560 1884 671 1953 VIIII.
696 1882 826 1976 [ΧΠ]
851 1895 887 1964 (a
905 1895 966 1964 101)

114 2010 142 2054 a
595 2007 780 2062 Tamarus
798 2008 927 2063 annuo

242 2124 290 2192 aa
317 2125 435 2191 multas
463 2129 497 2191 et
525 2122 660 2214 [omnes]
692 2125 839 2211 publicas
868 2147 981 2192 causas
1007 2125 1141 2211 petendi
1169 2130 1367 2194 commeatus

154 2227 336 2294 reddidisti.
369 2227 450 2293 mihi
478 2234 588 2294 autem
613 2228 678 2295 vel·
694 2228 763 2295 sola
784 2228 934 2295 voluntas
961 2231 1018 2294 tua
1040 2229 1228 2296 suffecisset.
1261 2252 1367 2316 neque

156 2330 246 2396 enim
266 2330 379 2395 dubito
400 2333 450 2413 te,
473 2332 511 2395 ut
530 2331 671 2416 primum
686 2330 846 2415 potueris,
871 2331 912 2396 ad
933 2334 1002 2396 tam
1018 2331 1201 2399 districtum
1223 2332 1368 2400 officium

154 2454 370 2499 reversurum.
405 2435 548 2498 statuam
561 2434 640 2518 poni
656 2432 736 2498 mihi
753 2455 771 2498 a
789 2437 822 2499 te
838 2455 875 2499 eo
891 2456 954 2519 quo
968 2435 1131 2500 desideras
1152 2434 1233 2520 loco,
1257 2458 1366 2523 quam·

112 2552 141 2594 ²0
155 2558 255 2622 quam
277 2537 345 2602 eius
367 2534 454 2600 modi
481 2534 639 2600 honorum
660 2536 883 2621 parcissimus,
912 2541 1025 2602 tamen
1047 2539 1171 2623 patior,
1194 2560 1238 2604 ne
1264 2539 1366 2626 impess

157 2640 243 2706 disse
266 2659 395 2705 cursum
417 2659 496 2725 erga
517 2659 569 2704 me
591 2639 724 2723 pietatis
745 2643 822 2705 tuae
844 2639 963 2706 videar.

631 2809 672 2877 X.
699 2809 765 2901 [V.]
790 2821 827 2889 (a
842 2821 888 2889 aa)

447 2932 477 2989 c.
498 2933 645 2986 caiuma
662 2933 823 2987 rsurauo
840 2931 1072 2986 mensarum

185 3051 188 3057 ’
242 3048 450 3135 Exprimere,
474 3050 621 3136 domine,
649 3050 756 3116 verbis
778 3072 844 3116 non
867 3070 1000 3136 possum
1022 3052 1143 3136 quanto
1165 3073 1216 3118 me
1245 3053 1393 3139 gaudi01

118 3167 143 3210 25
156 3151 338 3218 adiecerint
359 3152 516 3239 epistulae
537 3156 626 3237 tuae,
650 3174 688 3218 ex
704 3153 819 3239 quibus
835 3153 972 3240 cognovi
987 3156 1020 3218 te
1034 3152 1242 3240 Harpocrati,
1266 3154 1364 3222 iatra-

154 3255 255 3341 liptae
277 3276 358 3341 meo,
381 3259 415 3322 et
436 3255 691 3323 Alexandrinam
714 3257 878 3322 civitatem
900 3257 1066 3340 tribuisse,
1090 3257 1236 3342 quamvis
1251 3278 1364 3326 secun·

155 3358 232 3425 dum
253 3359 493 3424 institutionem
507 3358 693 3444 principum
707 3381 775 3425 non
800 3363 922 3425 temere
937 3382 1008 3426 eam
1031 3359 1107 3424 dare
1129 3361 1361 3447 proposuisses.

154 3483 225 3527 esse
255 3464 362 3527 autem
384 3460 579 3546 Harpocran
600 3467 705 3543 νομοῦ
722 3463 900 3544 Μεμφίτου
928 3461 1036 3526 indico
1058 3461 1130 3527 tibi.
1170 3484 1250 3550 rogo
1273 3480 1394 3552 ergo,2

153 3563 438 3649 indulgentissime
458 3565 649 3648 imperator,
672 3567 710 3628 ut
724 3562 805 3628 mihi
821 3564 861 3628 ad
876 3563 1065 3648 Pompeium
1079 3563 1248 3650 Plantam,
1271 3589 1363 3652 prae·

116 3668 278 3733 ³⁰fectum
296 3659 461 3752 Aegypti,
486 3669 626 3731 amicum
647 3669 754 3749 tuum,
778 3666 864 3732 sicut
885 3665 1078 3752 promisisti,
1103 3667 1275 3753 epistulam
1289 3670 1362 3734 mit-

152 3773 217 3835 tas.
251 3768 379 3835 obviam
400 3769 521 3842 iturus,
545 3790 608 3855 quo
622 3768 780 3833 maturius
786 3817 796 3852 ,
819 3762 964 3852 domine,
988 3771 1222 3856 exoptatissimi
1245 3772 1362 3837 adven-

152 3875 207 3938 tus
229 3872 277 3936 tui
292 3870 412 3957 gaudio
433 3869 499 3935 frui
513 3871 654 3957 possim,
679 3891 758 3955 rogo
772 3873 943 3955 permittas
958 3871 1039 3938 mihi
1054 3894 1151 3958 quam
1173 3872 1362 3960 longissime

151 3994 321 4041 occurrere
341 3972 414 4038 tibi.

152 4132 359 4143 ...ά-...κω

223 4220 240 4270 4
257 4217 362 4270 locatio
381 4231 442 4267 cum
460 4216 608 4269 Catunoeus
624 4216 795 4269 locationem
813 4231 831 4265 a
899 4219 915 4270 8
934 4217 1043 4270 debebo
1060 4219 1086 4270 1.
1104 4220 1136 4273 F.
1157 4218 1299 4270 &onorius
1317 4218 1359 4270 de-

154 4287 210 4339 beo
227 4301 245 4337 a
313 4289 329 4337 9
349 4286 463 4350 pictatis
482 4287 506 4335 I.
525 4287 555 4340 F.
576 4288 717 4338 Gronovius
734 4285 836 4353 pietati
853 4300 871 4335 a

223 4355 307 4407 VIIII
326 4357 358 4405 16
369 4361 396 4406 et
416 4355 544 4419 priuatas
563 4354 665 4406 multas
684 4360 713 4406 et
732 4370 826 4406 omnes
843 4354 971 4421 publicas
985 4356 1139 4409 Coronaeus.
1157 4356 1274 4419 sortasse
1292 4354 1361 4406 mul·

151 4431 199 4476 tas
218 4428 246 4474 et
264 4423 392 4489 privatus
411 4427 439 4473 et
457 4422 584 4489 publicas
672 4426 703 4476 19
728 4441 780 4490 quo
804 4422 952 4486 desyderus
971 4422 1066 4474 Aldus·²
1086 4423 1155 4489 quod
1175 4423 1326 4488 desyderas
1344 4440 1361 4474 a

222 4493 248 4543 Χ
283 4493 457 4558 Impetratae
495 4492 622 4543 ciuitatis
648 4493 900 4544 AlexandrInorum
937 4508 986 4558 pro
1014 4494 1190 4559 Harpocrate
1227 4492 1359 4558 gaudium

151 4577 170 4612 a
239 4561 273 4612 28
291 4560 382 4624 νόμου
400 4559 550 4625 μεμφὺτου
568 4576 586 4610 a
602 4561 694 4624 νομὸν
713 4559 884 4626 μεμφίτικον
905 4561 1050 4612 Coronaeus
1069 4562 1158 4623 νομοῦ
1177 4559 1360 4625 Μεμφιτικοῦ

152 4631 191 4682 ΙΙ.
210 4629 358 4696 Stephanus
427 4634 459 4682 31
480 4630 684 4697 exoptatissimi
702 4632 729 4685 1.
750 4632 780 4684 F.
801 4630 946 4683 Groaouius
966 4630 1212 4698 exoptatissimae.

200 4714 351 4754 hartman
363 4723 403 4754 aa.
418 4715 487 4757 Kma
1142 4715 1182 4765 xz
