2934 4966
155 252 219 322 212
336 201 338 205 ¹
640 315 642 318 ,
681 267 712 319 c.
734 266 834 318 mnu

155 425 244 491 cuius
272 444 323 489 res
350 444 449 508 opera
479 423 615 491 consilia
642 423 785 490 dicturus
813 443 863 506 es,
892 421 1032 489 imuritte
1053 421 1225 506 rudentes,
1253 419 1364 508 pande

152 526 242 612 vela,
265 547 306 592 ac
326 525 484 611 siquando
509 525 606 611 alias,
629 531 699 593 toto
720 524 854 612 iugenio
873 523 999 591 vehere.
1030 547 1088 592 cur
1111 525 1200 592 enim
1215 546 1286 591 uon
1301 545 1364 611 ego

123 631 278 717 6quoque
298 628 425 715 poetice
438 650 512 694 cum
526 630 648 715 poeta?
668 628 749 694 illud
769 627 835 693 mm
855 649 945 695 nunc
958 629 1120 714 paciscor:
1141 628 1250 714 prima
1264 648 1363 713 quae-

154 753 215 818 que
231 734 268 797 ut
282 731 472 815 absolveris,
493 731 633 817 mittito,
655 732 753 797 immo
768 717 868 797 etiam
881 733 959 796 anta
976 753 1074 817 quam
1088 728 1251 815 absolvas,
1277 729 1364 796 sicut

124 838 250 903 ierunt
263 835 408 900 recentia
429 837 463 900 et
484 834 576 900 rudia
591 838 625 901 et
641 833 747 900 adhuc
761 832 881 899 similia
895 834 1116 911 nascentibus.
1147 831 1386 918 respondebisr

153 959 220 1004 nou
241 958 336 1023 posse
356 936 490 1022 perinde
505 938 643 1023 carptim
663 940 700 1003 ut
715 929 882 1021 connata,
905 936 1041 1022 perinde
1054 933 1209 1002 inchoata
1229 934 1363 1019 placere

152 1043 191 1105 ut
212 1039 336 1106 effecta
366 1041 449 1106 seio:
477 1039 587 1124 itaque
610 1042 644 1104 et
669 1060 690 1103 a
709 1060 762 1104 me
787 1039 1047 1106 aestimabuntur
1068 1041 1106 1104 ut
1127 1038 1263 1123 coepta,-
1291 1056 1362 1122 spe·

153 1141 331 1208 stabuntur
352 1145 389 1207 ut
409 1142 555 1207 membra
575 1144 816 1227 extremamque
841 1140 955 1206 limam
979 1144 1071 1206 tuam
1092 1138 1307 1226 opperientur
1326 1139 1362 1205 in

153 1245 273 1310 sannio
299 1246 422 1309 nostro.
457 1248 570 1329 patere
596 1242 658 1309 hoc
685 1265 737 1309 me
761 1265 861 1329 super
888 1246 996 1310 cetera
1022 1241 1143 1309 habere
1169 1242 1292 1328 amoris
1313 1242 1362 1307 tui

124 1347 290 1433 augrus,
319 1349 357 1411 ut
383 1367 421 1411 ea
448 1367 573 1432 quoque
601 1345 723 1431 norim,
758 1367 840 1432 quae
867 1366 962 1412 nosse
989 1345 1154 1414 neminem
1181 1342 1292 1409 velles.
1326 1343 1398 1409 inu

152 1469 279 1514 summa
297 1450 411 1534 potero
430 1448 569 1514 fortasse
589 1448 712 1534 scripta
729 1451 786 1513 tua
799 1448 904 1535 magis
919 1446 1056 1533 probare
1071 1446 1214 1531 laudare,
1236 1449 1363 1533 quanto
1407 1459 1409 1463 ‘

105 1551 107 1557 ’
153 1549 211 1615 illa
231 1549 355 1615 tardius
377 1550 580 1637 cautiusque,
603 1549 659 1616 sed
680 1550 787 1636 ipsum
803 1554 839 1620 te,
850 1550 955 1637 magis
968 1549 1088 1637 ‚amabo
1100 1548 1272 1637 magisque
1293 1548 1362 1615 lau·

154 1651 253 1737 dabo,
277 1655 399 1738 quantu
422 1652 557 1719 celerius
579 1656 613 1719 et
633 1652 796 1719 incautius
816 1652 954 1719 miseris.
985 1652 1066 1718 vale.

733 1821 773 1889 V.

435 1970 440 1978 -
507 1916 539 1998 css
557 1945 706 1999 numius
726 1944 870 1999 cumino
888 1943 1007 2002 suos.
1374 1946 1401 1998 u·

130 2069 147 2134 l
243 2059 349 2128 Graue
373 2060 487 2127 uulnus
509 2061 675 2128 Macrinus
702 2065 814 2128 noster
838 2063 981 2148 aecepit:
1008 2060 1117 2127 amisit
1137 2041 1272 2127 urorem
1298 2060 1364 2127 sin·
1393 2123 1425 2154 a

156 2163 279 2250 gularis
302 2162 455 2248 exempli,
485 2162 582 2229 etiam
608 2165 636 2229 si
658 2163 735 2229 olim
760 2163 886 2229 fuisset.
926 2163 1009 2229 vixit
1037 2184 1110 2229 cum
1131 2165 1194 2229 hac
1221 2163 1363 2256 triginta
1402 2239 1406 2243 ,

157 2287 274 2330 nouem
301 2266 397 2331 annis
425 2265 495 2331 sine
523 2266 645 2352 iurgio,
677 2267 748 2332 siue
770 2266 903 2331 offensa.
946 2287 1043 2352 quam
1064 2265 1122 2330 illa
1143 2267 1362 2332 maerentium

157 2366 274 2433 marito
297 2389 355 2433 suo
377 2367 557 2453 praestitit,
580 2389 652 2433 cum
674 2368 746 2453 ipsa
767 2389 925 2433 summam
941 2369 1134 2433 mereretur!
1155 2371 1238 2455 quot
1258 2389 1362 2455 quan·

157 2471 271 2555 tauque
285 2468 421 2536 virtutes
443 2492 482 2535 cx
504 2471 638 2536 diuersis
660 2471 821 2537 aetatibus
843 2473 989 2556 sumptas
1011 2469 1143 2558 collegit
1165 2459 1199 2537 et
1212 2471 1397 2537 miscuitl'a

125 2569 256 2643 2habet
278 2571 407 2656 quidem
428 2571 594 2638 Macrinus
619 2575 743 2659 grande
771 2571 925 2638 solacium
931 2622 941 2656 ,
970 2572 1054 2657 quod
1080 2575 1212 2638 tautum
1240 2572 1363 2639 bonum

156 2671 301 2755 tamdiu
322 2674 443 2739 tenuit:
466 2675 523 2740 sed
543 2674 622 2739 hinc
643 2675 748 2762 magis
770 2674 996 2758 exacerbatur,
1026 2674 1109 2760 quod
1132 2674 1253 2740 amisit.
1285 2697 1362 2741 nam

127 2774 301 2848 3frueudis
329 2775 550 2862 voluptatibus
573 2778 690 2843 erescit
713 2776 843 2842 carendi
864 2777 965 2842 dolor.
1004 2797 1066 2841 ero
1086 2798 1164 2862 ergo
1185 2799 1363 2863 suspensus
1398 2854 1401 2859 ,

157 2898 216 2962 pro
237 2877 368 2944 homine
383 2878 591 2964 amicissimo,
614 2880 689 2945 dum
704 2879 875 2944 admittere
897 2882 1108 2944 avocamenta
1129 2883 1162 2944 et
1177 2879 1362 2946 cicatricem

157 2980 228 3065 pati
249 2980 367 3067 possit,
396 3004 494 3067 quam
515 2981 597 3047 nihil
626 3004 727 3068 aeque
749 2984 788 3047 ac
813 2980 989 3046 necessitas
1010 2980 1082 3066 ipsa
1104 2984 1138 3047 et
1165 2981 1234 3047 dies
1262 2983 1397 3069 longas

158 3084 192 3146 et
213 3082 348 3148 satietas
370 3083 489 3149 doloris
511 3085 646 3150 inducit.
680 3085 761 3150 vale.
1282 3085 1283 3088 ’

159 3247 365 3261 ..ψ-

229 3341 426 3392 transiliar*
495 3342 650 3392 dictaturus
669 3356 700 3392 es
717 3355 735 3390 a
785 3342 872 3405 tego
891 3355 1000 3406 quoque
1014 3343 1155 3407 poeticum
1174 3357 1275 3409 poema
1293 3343 1362 3397 illud

159 3408 214 3458 iam
232 3409 358 3474 paciscor
376 3411 466 3476 prima
484 3425 592 3476 queque
616 3409 772 3460 absoluaris
789 3425 879 3473 ymmo
903 3410 989 3460 etiam
1007 3424 1021 3458 r
1076 3415 1094 3464 4
1112 3413 1216 3463 mittito
1234 3413 1264 3461 Ι
1281 3415 1362 3466 mitte

159 3490 176 3525 a
244 3480 406 3531 trecentis
423 3481 447 3528 si
466 3479 546 3529 rudia
564 3479 589 3528 si
607 3478 698 3529 adhue
717 3492 734 3527 a
803 3479 817 3528 7
834 3479 931 3541 itaque
951 3493 968 3529 a
986 3495 1030 3530 me
1050 3481 1286 3532 existimabuntur
1302 3495 1317 3531 r

160 3547 243 3610 cepta
259 3546 287 3594 21
356 3549 388 3597 12
405 3543 563 3614 magisque]
582 3547 672 3613 magis
691 3561 708 3596 a

228 3614 303 3666 Vlt
320 3613 479 3668 GEMINIO
499 3618 679 3667 Carauaeura
748 3615 780 3663 16
798 3618 893 3665 noster
910 3629 990 3667 cnr
1040 3631 1125 3668 uxore
1143 3618 1170 3666 11
1240 3618 1273 3670 17
1291 3619 1366 3670 uixit

159 3694 241 3734 om.r
309 3685 341 3734 19
360 3683 434 3748 quod
452 3685 649 3750 quantitasque
667 3685 695 3730 1
746 3684 780 3733 20
797 3687 921 3747 sumptas
939 3684 1013 3738 Ηςι
1031 3699 1082 3750 sup
1100 3694 1223 3752 sequente
1240 3694 1366 3753 quattuor

158 3750 302 3801 litterarum
319 3755 443 3803 lacunar
512 3755 543 3802 21
563 3751 692 3802 solatium
711 3753 739 3798 Ι
807 3753 840 3800 22
859 3750 923 3801 hinc
941 3754 987 3801 Mr
1004 3752 1057 3804 hoc
1075 3768 1092 3801 a
1172 3754 1264 3820 magis
1281 3755 1365 3806 orba·

159 3820 205 3867 tur
221 3831 235 3867 r
315 3822 349 3872 23
368 3820 493 3871 fruendis
511 3819 657 3871 timendi
674 3821 720 3868 Mt
739 3819 877 3874 fruentis
963 3836 1010 3871 ero
1028 3838 1075 3872 om.
1093 3821 1147 3875 tir.
1166 3821 1280 3873 ‘Plinius
1297 3824 1364 3875 libro

159 3902 226 3937 nono
249 3888 342 3952 episto.
370 3905 417 3940 ero
445 3904 511 3955 ergo
531 3915 564 3926 -
591 3890 624 3938 26
647 3888 765 3938 inducit’
784 3887 908 3938 Budaeus
929 3897 1017 3940 annot.
1040 3892 1067 3940 iu
1088 3891 1209 3954 pandect.
1224 3890 1249 3953 s.
1270 3894 1322 3941 110
1339 3909 1364 3945 u.

159 3955 200 4004 ed.
220 3956 330 4007 Arcens.
348 3972 372 4010 a.
392 3960 460 4008 1516
527 3959 561 4007 24
579 3956 725 4006 admittere
746 3963 930 4006 auocamenta
942 3958 970 4004 21
989 3956 1138 4009 admittere
1157 3958 1365 4010 aduocameuta

159 4035 195 4071 ra
212 4024 343 4075 amittere
361 4029 544 4077 avocamenta
565 4051 610 4088 -‚
638 4029 705 4090 ‘quo
723 4025 751 4073 in
772 4027 828 4075 loco
850 4026 876 4073 iu
899 4026 1013 4076 amnibus
1033 4027 1225 4092 exemplaribus
1243 4026 1365 4078 advoca·

160 4095 253 4142 menta
271 4101 392 4157 συνωρίς
409 4110 460 4159 pro
473 4098 660 4145 avocamenta
676 4095 780 4158 lepitur’
793 4092 925 4148 Budaeus.
939 4093 1181 4146 ‘advocameutum
1199 4111 1249 4159 pro
1260 4111 1366 4147 avoca·

160 4163 253 4211 mento
271 4163 344 4226 apud
359 4164 466 4213 eundem
483 4164 520 4213 ad
538 4163 665 4214 Genauam
682 4163 746 4211 libra
765 4177 846 4212 nouo:
864 4164 909 4227 qui
924 4168 1007 4214 tamen
1025 4165 1052 4214 in
1069 4167 1182 4230 antiquis
1199 4169 1307 4214 catanus
1325 4167 1365 4216 iu·

159 4229 283 4344 ariditas
311 4229 367 4281 Ero
386 4246 452 4298 ergo
470 4231 583 4298 —pati
601 4229 704 4297 posuit'
728 4231 794 4280 idem
812 4230 838 4293 s.
856 4233 906 4280 170
1009 4234 1043 4283 25
1062 4233 1147 4298 longa
1163 4248 1211 4282 om.
1230 4245 1244 4278 r
1262 4240 1289 4283 et
1306 4231 1362 4284 Bu·

196 4311 241 4347 eur
309 4299 343 4350 26
360 4298 440 4351 dolor
457 4315 474 4348 a
1422 4316 1425 4324 ·
