2934 4966
693 261 733 333 o.¹
748 264 845 313 eninr

744 502 786 571 X.

399 625 430 677 o.
449 627 599 680 enimus
618 627 764 679 ranam
782 626 998 680 eaosoonao
1017 626 1088 679 suo
1107 624 1146 677 a

140 749 155 811 1
251 743 320 821 Quo
347 743 453 830 magis
479 744 570 829 cupis
597 766 636 810 ex
664 744 757 810 nobis
784 747 977 830 pronepotes
1006 742 1130 827 videre,
1160 740 1225 809 hoo
1249 742 1392 809 tristior.

167 848 276 914 audies
297 849 428 932 neptem
450 850 541 911 tuam
562 847 711 923 abortum
732 847 863 932 fecisse,
887 847 962 913 dum
985 868 1020 912 se
1039 847 1285 932 praegnantem
1306 866 1378 911 esse

167 949 354 1036 puellariter
376 950 533 1014 nescitae
555 934 614 1034 per
628 951 687 1015 hoc
710 951 867 1035 quaedam
887 947 1096 1015 custodienda
1111 948 1401 1034 praegnantibuse

100 1084 103 1089 ’
166 1052 302 1135 omittit,
326 1051 406 1117 iacit
427 1050 617 1117 omittenda.
652 1074 747 1138 quem
773 1075 912 1119 errorem
933 1053 1062 1138 magnis
1083 1051 1291 1118 documentis
1321 1072 1376 1117 ex·

136 1157 268 1242 apiarii
289 1154 324 1219 in
345 1175 506 1218 summum
521 1153 699 1239 perieulum
714 1156 863 1220 adducta.
902 1154 1004 1240 igitur
1018 1158 1054 1220 ut
1075 1176 1208 1221 neeesse
1222 1156 1277 1220 est
1298 1175 1375 1241 gra-

166 1259 248 1323 viter
269 1256 409 1340 accipias
424 1259 623 1321 senectutem
645 1261 735 1322 tunm
757 1257 848 1342 quasi
870 1257 992 1342 paratis
1007 1253 1144 1342 posteris
1166 1251 1374 1340 destitutam,

165 1362 212 1426 sic
234 1358 330 1425 debes
359 1378 456 1443 agere
483 1358 533 1422 dis
554 1359 695 1444 gratias,
722 1360 807 1445 quod
828 1359 875 1424 ito
900 1359 962 1425 tibi
983 1358 1018 1424 in
1040 1360 1227 1445 praesentia
1254 1367 1373 1445 prono·
1454 1387 1456 1412 2

165 1466 256 1549 potes
278 1464 507 1550 negaverunt,
523 1463 559 1525 ut
579 1466 748 1527 servarent
768 1464 917 1546 neptem,
945 1460 1209 1546 illosreddituri,
1231 1482 1373 1547 quorum
1387 1482 1408 1521 ιο
1452 1441 1457 1520 l

165 1565 257 1630 nobis
279 1585 369 1649 spem
392 1563 560 1629 certiorem
581 1562 661 1629 haec
687 1563 759 1649 ipsa
780 1586 973 1651 quamquem
999 1586 1112 1649 porum
1134 1585 1290 1649 prospere
1318 1586 1372 1630 ex·

134 1668 290 1754 3plorata
315 1666 499 1733 fecunditas
526 1666 615 1735 facit.
649 1667 750 1732 isdem
776 1689 865 1756 nunc
887 1688 949 1752 ego
976 1670 1009 1733 te
1036 1666 1152 1752 quibus
1181 1666 1292 1752 ipsum
1318 1690 1371 1733 me
1450 1666 1455 1704 ¹

164 1769 275 1835 hortor
302 1790 417 1834 moneo
445 1769 610 1834 confirmo.
650 1790 753 1854 neque
781 1770 867 1835 enirn
895 1768 1062 1834 ardentius
1094 1772 1131 1834 tu
1158 1773 1368 1856 pronepotes,

164 1894 259 1957 quam
283 1892 343 1957 ego
365 1871 482 1935 liberos
506 1871 614 1955 cupio,
639 1864 885 1955 quibusvideor‘
902 1892 1006 1936 amco
1028 1874 1148 1956 tuoque
1169 1871 1274 1953 latere
1295 1894 1368 1959 pro·

162 1997 241 2039 num
264 1974 305 2038 ud
320 1973 456 2038 honores
479 1972 543 2037 iter'
563 1976 596 2037 et
613 1973 724 2038 andita
745 1972 843 2038 latins
857 1973 990 2037 nomina
1005 1976 1038 2038 et
1059 1994 1127 2039 non
1141 1973 1267 2039 subitos
1288 1975 1367 2040 ima·
1380 1993 1401 2032 ιε

162 2077 256 2163 giues
270 2075 450 2242 relictaqrus.
476 2078 653 2141 nascantur
667 2067 762 2140 modo
777 2078 810 2141 et
824 2075 911 2162 hunc
926 2078 1073 2141 nostrum
1089 2075 1231 2141 dolorem
1246 2077 1367 2164 gaudio
1441 2094 1448 2199 q

162 2181 298 2243 mutent.
332 2200 351 2242 v
385 2200 412 2243 e.

732 2348 789 2416 XI.
820 2356 823 2361 ’

460 2446 497 2526 o.
511 2471 663 2525 emarus
680 2472 890 2526 nrsruncse
914 2470 1010 2524 suan
1028 2470 1056 2523 s.

134 2594 149 2656 l
246 2588 325 2656 cum
341 2589 503 2654 adfectum
518 2592 610 2654 tuum
625 2610 703 2674 erga
724 2588 835 2654 fratris
854 2588 955 2654 filiam
978 2589 1087 2674 cogito
1101 2588 1199 2655 etism
1214 2595 1364 2657 materna
1375 2609 1398 2648 w

159 2691 365 2776 indulgentia
393 2690 597 2774 molliorem,
619 2691 775 2776 intellego
804 2691 893 2776 prius
926 2691 987 2756 tibi
1015 2691 1099 2776 quod
1126 2696 1177 2758 est
1203 2696 1363 2778 posterius

160 2794 392 2877 nuntiandum,
422 2798 458 2858 ut
485 2797 693 2879 praesumpta
717 2793 843 2858 laetitia
866 2793 1076 2859 sollicitudini
1097 2793 1204 2860 locum
1226 2817 1295 2863 non
1317 2819 1363 2861 re·

159 2896 296 2988 linquat.
320 2918 513 2981 quamquam
529 2918 640 2962 vereor
654 2918 695 2961 ne
708 2899 783 2982 post
792 2888 1045 2982 gratulationem
1057 2918 1182 2982 quoque
1196 2898 1233 2963 in
1242 2903 1363 2965 metum

69 3009 74 3017 '
159 2998 269 3064 redeas
292 3001 388 3084 atque
410 3000 457 3064 ita
478 3001 621 3086 garideas
643 2999 785 3085 periculo
808 2999 993 3082 liberatam,
1026 3003 1063 3064 ut
1084 2999 1180 3065 simul
1202 3002 1288 3085 quod
1311 3025 1363 3087 pe·

129 3101 301 3167 2riclitata
317 3101 360 3166 sit
375 3102 610 3187 perhorrescas
645 3103 709 3167 iam
724 3101 851 3185 hilaris,
874 3102 936 3166 inm
953 3102 1030 3185 sibi,
1053 3103 1117 3168 iam
1139 3103 1219 3168 mihi
1234 3104 1361 3170 reddito
1372 3121 1394 3161 2⁵

157 3202 274 3289 incipit
307 3205 396 3269 refici
429 3205 714 3289 transmissumque
747 3204 920 3269 discrimen
954 3205 1209 3271 convalescendo
1242 3207 1360 3273 metiri.

129 3338 132 3344 ,
157 3303 220 3369 fuit
235 3305 355 3391 alioqui
371 3307 405 3372 in
420 3328 543 3372 summo
558 3306 743 3372 discrimine
752 3357 761 3391 ,
784 3307 906 3392 inpune
922 3307 1040 3372 dixisse
1062 3308 1169 3392 liceat,
1192 3308 1258 3375 fuit
1272 3310 1362 3376 nulle

158 3430 216 3472 sua
238 3408 350 3494 culpa,
372 3411 488 3475 aetatis
511 3410 627 3497 aliqua.
660 3411 736 3475 iude
767 3411 898 3474 abortus
926 3414 959 3475 et
985 3411 1128 3496 ignorati
1156 3413 1240 3479 uteri
1267 3414 1362 3478 triste

128 3510 422 3595 3experimentnm.
457 3513 607 3599 proinde,
631 3514 692 3578 etsi
707 3535 773 3577 nou
797 3513 935 3597 contigit
957 3512 1018 3577 tibi
1033 3513 1226 3580 desiderium
1248 3517 1361 3581 fratris

115 3682 122 3694 Ι
158 3613 267 3678 emissi
290 3616 348 3678 aut
362 3618 479 3700 nepote
502 3616 570 3681 eius
586 3619 642 3680 aut
664 3619 761 3701 nepte
776 3615 884 3698 solari,
908 3618 1071 3679 memento
1093 3620 1202 3682 tamen
1224 3618 1395 3684 dflatumu

224 3873 520 3926 X2PROSOOERO
538 3892 584 3926 mu.
604 3876 631 3924 x
700 3875 983 3941 oprneguntionibus
1000 3888 1017 3923 a
1067 3875 1294 3945 tdocnmentis]
1315 3881 1361 3931 dc·
1444 3936 1447 3941 ,

156 3941 294 3994 trimentis
313 3943 470 3993 Caranoeua²
556 3944 646 3994 auiis
664 3945 713 3991 Hs
788 3946 818 3992 1⁴3
837 3943 997 3992 foecunditas
1015 3958 1032 3993 a
1104 3947 1134 3996 13
1152 3945 1266 3997 ‘Plinius
1283 3950 1361 4012 ipirur

156 4011 193 4060 ad
208 4027 373 4075 pro-socerum
385 4012 428 4062 uo.
442 4030 508 4063 norro
522 4017 613 4077 episto.
634 4013 729 4076 Neque
743 4013 815 4062 euim
828 4038 862 4048 -
876 4013 907 4061 17
920 4017 1036 4065 mittent.
1061 4012 1155 4063 Verum
1167 4014 1232 4064 leaeo
1250 4019 1360 4079 epistola

156 4086 182 4129 et
199 4081 267 4130 olirre
295 4098 344 4129 mm
372 4098 472 4143 precede
499 4084 525 4130 iu
543 4082 671 4130 indicibus
689 4082 820 4144 impressis
839 4098 888 4129 uon
906 4083 1036 4144 loquutur:
1065 4098 1112 4131 rios
1137 4083 1262 4147 inleprum
1278 4084 1359 4144 ser-rue

158 4149 263 4198 Plinium
276 4150 408 4199 leudeinus:
426 4152 532 4213 primum
551 4152 622 4213 alrrtd
635 4150 751 4199 Parisios·
764 4158 892 4211 repertum
910 4166 992 4214 opero
1012 4150 1122 4201 lucrandi
1138 4152 1301 4201 crecerdoa's:
1318 4153 1360 4202 do·
1435 4178 1440 4203 r

156 4219 228 4265 ricinis
245 4220 387 4282 antiquarii
404 4219 596 4282 Architectiqrre
613 4221 771 4282 surrriqeroli’
790 4217 914 4267 liudricus
937 4225 1025 4270 annot.
1052 4221 1079 4270 ia
1098 4220 1262 4285 ponderas.
1283 4222 1320 4270 32
1337 4238 1358 4271 o.
1435 4228 1440 4253 ¹

158 4285 198 4333 eri.
217 4287 327 4337 Aureus.
346 4304 371 4336 o.
391 4290 459 4337 1510
564 4288 594 4335 14
619 4286 712 4336 uidcor
731 4303 747 4335 a
770 4302 830 4336 mco
850 4286 972 4337 Budaeus
994 4287 1090 4339 uideor
1112 4287 1217 4338 meoli
1241 4287 1324 4340 uideo
1342 4306 1358 4338 a

158 4367 219 4402 meo
236 4369 253 4402 ι
325 4359 355 4406 15
374 4352 496 4420 nomina]
517 4355 610 4404 omnin
628 4357 654 4401 Μ
1068 4406 1070 4411 ,

224 4421 263 4471 xl
282 4425 313 4473 19
332 4424 515 4475 ISl‘VLLllll
533 4438 550 4471 a
646 4427 679 4474 ‘25
699 4424 753 4472 lam
772 4422 870 4473 hilaris
888 4424 944 4474 iam
963 4426 1017 4475 sibi
1035 4439 1052 4474 a
1069 4423 1168 4475 hilaris
1186 4423 1242 4472 iam
1261 4425 1316 4475 sibi
1333 4427 1359 4475 Ι

157 4484 254 4539 hilaris
272 4492 339 4552 iam,
360 4493 415 4542 iam
433 4493 485 4542 sibi
507 4493 608 4542 Cordus
676 4495 710 4542 ‘26
729 4490 949 4544 conualesccndo
969 4494 1092 4545 remetiri
1109 4509 1126 4542 ι
1182 4494 1214 4543 27
1234 4493 1358 4561 alioquin

156 4569 260 4607 summo
278 4559 305 4605 Μ
373 4564 408 4612 30
426 4566 475 4612 aut
492 4566 576 4627 nepte
593 4578 642 4614 om.
659 4563 699 4623 H,
717 4558 779 4616 odd.
797 4578 813 4612 s
