<?xml version="1.0" encoding="UTF-8"?>
<!DOCTYPE html PUBLIC "-//W3C//DTD XHTML 1.0 Transitional//EN"
    "http://www.w3.org/TR/xhtml1/DTD/xhtml1-transitional.dtd">
<html xmlns="http://www.w3.org/1999/xhtml" xml:lang="en" lang="en">
 <head>
  <title>
</title>
<meta http-equiv="Content-Type" content="text/html;charset=utf-8" />
  <meta name='ocr-system' content='tesseract 3.04.00' />
  <meta name='ocr-capabilities' content='ocr_page ocr_carea ocr_par ocr_line ocrx_word'/>
</head>
<body>
  <div class='ocr_page' id='page_1' title='image "./cplinicaecilise00plingoog_0306.png"; bbox 0 0 2934 4966; ppageno 0'>
   <div class='ocr_carea' id='block_1_1' title="bbox 388 281 1370 406">
    <p class='ocr_par' dir='ltr' id='par_1_1' title="bbox 388 281 1370 406">
     <span class='ocr_line' id='line_1_1' title="bbox 388 281 1370 406; baseline 0.002 -26"><span class='ocrx_word' id='word_1_1' title='bbox 388 288 393 299; x_wconf 70' lang='grc'>’</span> <span class='ocrx_word' id='word_1_2' title='bbox 482 290 731 380; x_wconf 69' lang='lat' dir='ltr'>scissurarum</span> <span class='ocrx_word' id='word_1_3' title='bbox 752 327 845 380; x_wconf 85' lang='lat' dir='ltr'>vrur.</span> <span class='ocrx_word' id='word_1_4' title='bbox 867 325 910 376; x_wconf 87' lang='lat'>21.</span> <span class='ocrx_word' id='word_1_5' title='bbox 931 327 975 378; x_wconf 85' lang='lat'>22.</span> <span class='ocrx_word' id='word_1_6' title='bbox 996 324 1040 378; x_wconf 86' lang='lat' dir='ltr'>2a</span> <span class='ocrx_word' id='word_1_7' title='bbox 1192 401 1195 406; x_wconf 13' lang='grc' dir='ltr'>ι</span> <span class='ocrx_word' id='word_1_8' title='bbox 1263 313 1284 336; x_wconf 85' lang='grc'>·’</span> <span class='ocrx_word' id='word_1_9' title='bbox 1307 281 1370 382; x_wconf 77' lang='grc'>251</span> 
     </span>
    </p>
   </div>
   <div class='ocr_carea' id='block_1_2' title="bbox 123 484 1466 1913">
    <p class='ocr_par' dir='ltr' id='par_1_2' title="bbox 123 484 1466 1913">
     <span class='ocr_line' id='line_1_2' title="bbox 158 484 1371 572; baseline 0 -19"><span class='ocrx_word' id='word_1_10' title='bbox 158 484 381 571; x_wconf 89' lang='lat' dir='ltr'>nestissimus,</span> <span class='ocrx_word' id='word_1_11' title='bbox 414 484 521 552; x_wconf 86' lang='lat' dir='ltr'>nostri</span> <span class='ocrx_word' id='word_1_12' title='bbox 549 484 800 553; x_wconf 88' lang='lat' dir='ltr'>amantissimus.</span> <span class='ocrx_word' id='word_1_13' title='bbox 842 487 1011 572; x_wconf 86' lang='lat' dir='ltr'>praeterea</span> <span class='ocrx_word' id='word_1_14' title='bbox 1037 484 1074 551; x_wconf 92' lang='lat' dir='ltr'>in</span> <span class='ocrx_word' id='word_1_15' title='bbox 1097 485 1217 553; x_wconf 89' lang='lat' dir='ltr'>litteris</span> <span class='ocrx_word' id='word_1_16' title='bbox 1246 489 1371 554; x_wconf 85' lang='lat' dir='ltr'>veteres</span> 
     </span>
     <span class='ocr_line' id='line_1_3' title="bbox 162 588 1371 678; baseline 0 -22"><span class='ocrx_word' id='word_1_17' title='bbox 162 589 361 674; x_wconf 87' lang='lat' dir='ltr'>aemulatur,</span> <span class='ocrx_word' id='word_1_18' title='bbox 385 589 552 676; x_wconf 73' lang='lat' dir='ltr'><strong>exprimit,</strong></span> <span class='ocrx_word' id='word_1_19' title='bbox 575 589 698 675; x_wconf 87' lang='lat' dir='ltr'>reddit,</span> <span class='ocrx_word' id='word_1_20' title='bbox 714 589 920 676; x_wconf 70' lang='lat' dir='ltr'><strong>Propertium</strong></span> <span class='ocrx_word' id='word_1_21' title='bbox 941 589 978 654; x_wconf 93' lang='lat' dir='ltr'>in</span> <span class='ocrx_word' id='word_1_22' title='bbox 992 588 1123 676; x_wconf 89' lang='lat' dir='ltr'>primis,</span> <span class='ocrx_word' id='word_1_23' title='bbox 1147 611 1167 655; x_wconf 88' lang='lat' dir='ltr'>a</span> <span class='ocrx_word' id='word_1_24' title='bbox 1189 611 1252 676; x_wconf 95' lang='lat' dir='ltr'>quo</span> <span class='ocrx_word' id='word_1_25' title='bbox 1266 612 1371 678; x_wconf 84' lang='lat' dir='ltr'>genus</span> 
     </span>
     <span class='ocr_line' id='line_1_4' title="bbox 161 691 1413 782; baseline 0.002 -24"><span class='ocrx_word' id='word_1_26' title='bbox 161 691 269 778; x_wconf 87' lang='lat' dir='ltr'>ducit,</span> <span class='ocrx_word' id='word_1_27' title='bbox 291 714 369 758; x_wconf 78' lang='lat' dir='ltr'>vera</span> <span class='ocrx_word' id='word_1_28' title='bbox 390 693 519 760; x_wconf 85' lang='lat' dir='ltr'>suboles</span> <span class='ocrx_word' id='word_1_29' title='bbox 548 714 648 779; x_wconf 90' lang='lat' dir='ltr'>eoque</span> <span class='ocrx_word' id='word_1_30' title='bbox 669 693 834 759; x_wconf 90' lang='lat' dir='ltr'>simillima</span> <span class='ocrx_word' id='word_1_31' title='bbox 857 692 921 777; x_wconf 93' lang='lat' dir='ltr'>illi,</span> <span class='ocrx_word' id='word_1_32' title='bbox 952 692 1068 780; x_wconf 93' lang='lat' dir='ltr'>inquo</span> <span class='ocrx_word' id='word_1_33' title='bbox 1090 693 1146 759; x_wconf 89' lang='lat' dir='ltr'>ille</span> <span class='ocrx_word' id='word_1_34' title='bbox 1167 694 1369 782; x_wconf 88' lang='lat' dir='ltr'>praecipuus.</span> <span class='ocrx_word' id='word_1_35' title='bbox 1411 744 1413 747; x_wconf 75' lang='lat'>·</span> 
     </span>
     <span class='ocr_line' id='line_1_5' title="bbox 161 794 1400 884; baseline 0 -22"><span class='ocrx_word' id='word_1_36' title='bbox 161 797 191 862; x_wconf 89' lang='lat' dir='ltr'>si</span> <span class='ocrx_word' id='word_1_37' title='bbox 219 795 327 882; x_wconf 82' lang='lat' dir='ltr'>elegos</span> <span class='ocrx_word' id='word_1_38' title='bbox 356 796 424 862; x_wconf 89' lang='lat' dir='ltr'>eius</span> <span class='ocrx_word' id='word_1_39' title='bbox 451 794 488 862; x_wconf 90' lang='lat' dir='ltr'>in</span> <span class='ocrx_word' id='word_1_40' title='bbox 515 817 632 861; x_wconf 87' lang='lat' dir='ltr'>manus</span> <span class='ocrx_word' id='word_1_41' title='bbox 660 799 850 883; x_wconf 85' lang='lat' dir='ltr'>sumpseris,</span> <span class='ocrx_word' id='word_1_42' title='bbox 879 797 970 884; x_wconf 84' lang='lat' dir='ltr'>leges</span> <span class='ocrx_word' id='word_1_43' title='bbox 1002 817 1082 882; x_wconf 91' lang='lat' dir='ltr'>opus</span> <span class='ocrx_word' id='word_1_44' title='bbox 1116 801 1239 863; x_wconf 90' lang='lat' dir='ltr'>tersum</span> <span class='ocrx_word' id='word_1_45' title='bbox 1273 795 1400 866; x_wconf 83' lang='lat' dir='ltr'>molle2</span> 
     </span>
     <span class='ocr_line' id='line_1_6' title="bbox 132 898 1408 988; baseline 0.003 -23"><span class='ocrx_word' id='word_1_46' title='bbox 132 898 341 966; x_wconf 66' lang='lat' dir='ltr'>uincendum</span> <span class='ocrx_word' id='word_1_47' title='bbox 367 903 402 965; x_wconf 90' lang='lat' dir='ltr'>et</span> <span class='ocrx_word' id='word_1_48' title='bbox 428 898 527 985; x_wconf 87' lang='lat' dir='ltr'>plane</span> <span class='ocrx_word' id='word_1_49' title='bbox 548 899 584 965; x_wconf 89' lang='lat' dir='ltr'>in</span> <span class='ocrx_word' id='word_1_50' title='bbox 605 898 754 984; x_wconf 72' lang='lat' dir='ltr'>Properti</span> <span class='ocrx_word' id='word_1_51' title='bbox 777 899 871 966; x_wconf 84' lang='lat' dir='ltr'>domo</span> <span class='ocrx_word' id='word_1_52' title='bbox 888 900 1054 986; x_wconf 89' lang='lat' dir='ltr'>scriptum.</span> <span class='ocrx_word' id='word_1_53' title='bbox 1088 921 1193 985; x_wconf 84' lang='lat' dir='ltr'>nuper</span> <span class='ocrx_word' id='word_1_54' title='bbox 1207 900 1247 966; x_wconf 89' lang='lat' dir='ltr'>ad</span> <span class='ocrx_word' id='word_1_55' title='bbox 1269 901 1371 988; x_wconf 88' lang='lat' dir='ltr'>lyrica</span> <span class='ocrx_word' id='word_1_56' title='bbox 1405 945 1408 949; x_wconf 90' lang='lat'><em>-</em></span> 
     </span>
     <span class='ocr_line' id='line_1_7' title="bbox 162 997 1466 1094; baseline 0.002 -26"><span class='ocrx_word' id='word_1_57' title='bbox 162 997 310 1088; x_wconf 86' lang='lat' dir='ltr'>deflexit,</span> <span class='ocrx_word' id='word_1_58' title='bbox 332 1002 368 1069; x_wconf 93' lang='lat' dir='ltr'>in</span> <span class='ocrx_word' id='word_1_59' title='bbox 390 1001 507 1087; x_wconf 87' lang='lat' dir='ltr'>quibus</span> <span class='ocrx_word' id='word_1_60' title='bbox 528 1000 577 1067; x_wconf 90' lang='lat' dir='ltr'>ita</span> <span class='ocrx_word' id='word_1_61' title='bbox 591 999 782 1087; x_wconf 73' lang='lat' dir='ltr'>Horatium,</span> <span class='ocrx_word' id='word_1_62' title='bbox 806 1006 843 1068; x_wconf 90' lang='lat' dir='ltr'>ut</span> <span class='ocrx_word' id='word_1_63' title='bbox 864 1003 900 1067; x_wconf 89' lang='lat' dir='ltr'>iu</span> <span class='ocrx_word' id='word_1_64' title='bbox 921 1001 987 1067; x_wconf 89' lang='lat' dir='ltr'>illis</span> <span class='ocrx_word' id='word_1_65' title='bbox 1008 1001 1102 1068; x_wconf 90' lang='lat' dir='ltr'>illum</span> <span class='ocrx_word' id='word_1_66' title='bbox 1119 1002 1257 1069; x_wconf 88' lang='lat' dir='ltr'>alterum</span> <span class='ocrx_word' id='word_1_67' title='bbox 1277 1003 1371 1070; x_wconf 83' lang='lat' dir='ltr'>effin-</span> <span class='ocrx_word' id='word_1_68' title='bbox 1464 1090 1466 1094; x_wconf 68' lang='lat'>,</span> 
     </span>
     <span class='ocr_line' id='line_1_8' title="bbox 163 1103 1369 1193; baseline 0.002 -21"><span class='ocrx_word' id='word_1_69' title='bbox 163 1106 230 1193; x_wconf 78' lang='lat' dir='ltr'>git:</span> <span class='ocrx_word' id='word_1_70' title='bbox 252 1109 360 1192; x_wconf 87' lang='lat' dir='ltr'>putes,</span> <span class='ocrx_word' id='word_1_71' title='bbox 384 1103 491 1190; x_wconf 85' lang='lat' dir='ltr'>siquid</span> <span class='ocrx_word' id='word_1_72' title='bbox 504 1104 541 1169; x_wconf 91' lang='lat' dir='ltr'>in</span> <span class='ocrx_word' id='word_1_73' title='bbox 557 1104 672 1171; x_wconf 89' lang='lat' dir='ltr'>studiis</span> <span class='ocrx_word' id='word_1_74' title='bbox 689 1105 841 1192; x_wconf 84' lang='lat' dir='ltr'>cognatio</span> <span class='ocrx_word' id='word_1_75' title='bbox 855 1104 958 1185; x_wconf 81' lang='lat' dir='ltr'>valet,</span> <span class='ocrx_word' id='word_1_76' title='bbox 983 1107 1017 1170; x_wconf 92' lang='lat' dir='ltr'>et</span> <span class='ocrx_word' id='word_1_77' title='bbox 1030 1104 1125 1170; x_wconf 89' lang='lat' dir='ltr'>huius</span> <span class='ocrx_word' id='word_1_78' title='bbox 1141 1105 1369 1193; x_wconf 88' lang='lat' dir='ltr'>propinquum.</span> 
     </span>
     <span class='ocr_line' id='line_1_9' title="bbox 163 1207 1373 1296; baseline 0 -21"><span class='ocrx_word' id='word_1_79' title='bbox 163 1230 286 1296; x_wconf 85' lang='lat' dir='ltr'>magna</span> <span class='ocrx_word' id='word_1_80' title='bbox 307 1207 462 1294; x_wconf 85' lang='lat' dir='ltr'>varietas,</span> <span class='ocrx_word' id='word_1_81' title='bbox 484 1229 607 1296; x_wconf 81' lang='lat' dir='ltr'>magna</span> <span class='ocrx_word' id='word_1_82' title='bbox 628 1207 809 1275; x_wconf 71' lang='lat' dir='ltr'>mobilitas:</span> <span class='ocrx_word' id='word_1_83' title='bbox 832 1211 921 1274; x_wconf 87' lang='lat' dir='ltr'>amat</span> <span class='ocrx_word' id='word_1_84' title='bbox 942 1210 979 1273; x_wconf 91' lang='lat' dir='ltr'>ut</span> <span class='ocrx_word' id='word_1_85' title='bbox 1000 1208 1056 1295; x_wconf 91' lang='lat' dir='ltr'>qui</span> <span class='ocrx_word' id='word_1_86' title='bbox 1078 1207 1261 1294; x_wconf 80' lang='lat' dir='ltr'>verissime,</span> <span class='ocrx_word' id='word_1_87' title='bbox 1284 1209 1373 1276; x_wconf 88' lang='lat' dir='ltr'>dolet</span> 
     </span>
     <span class='ocr_line' id='line_1_10' title="bbox 163 1309 1393 1398; baseline 0.001 -21"><span class='ocrx_word' id='word_1_88' title='bbox 163 1312 203 1377; x_wconf 90' lang='lat' dir='ltr'>ut</span> <span class='ocrx_word' id='word_1_89' title='bbox 222 1309 279 1398; x_wconf 89' lang='lat' dir='ltr'>qui</span> <span class='ocrx_word' id='word_1_90' title='bbox 299 1310 590 1397; x_wconf 87' lang='lat' dir='ltr'>inpatientissime,</span> <span class='ocrx_word' id='word_1_91' title='bbox 614 1311 728 1378; x_wconf 88' lang='lat' dir='ltr'>laudat</span> <span class='ocrx_word' id='word_1_92' title='bbox 748 1314 785 1376; x_wconf 93' lang='lat' dir='ltr'>ut</span> <span class='ocrx_word' id='word_1_93' title='bbox 805 1311 859 1397; x_wconf 92' lang='lat' dir='ltr'>qui</span> <span class='ocrx_word' id='word_1_94' title='bbox 882 1310 1132 1398; x_wconf 83' lang='lat' dir='ltr'>benignissime,</span> <span class='ocrx_word' id='word_1_95' title='bbox 1154 1310 1238 1377; x_wconf 90' lang='lat' dir='ltr'>ludit</span> <span class='ocrx_word' id='word_1_96' title='bbox 1259 1314 1296 1376; x_wconf 91' lang='lat' dir='ltr'>ut</span> <span class='ocrx_word' id='word_1_97' title='bbox 1316 1313 1393 1398; x_wconf 64' lang='lat' dir='ltr'>qui,</span> 
     </span>
     <span class='ocr_line' id='line_1_11' title="bbox 123 1413 1453 1501; baseline 0.002 -23"><span class='ocrx_word' id='word_1_98' title='bbox 123 1436 152 1478; x_wconf 83' lang='grc' dir='ltr'>ιο</span> <span class='ocrx_word' id='word_1_99' title='bbox 163 1414 376 1499; x_wconf 87' lang='lat' dir='ltr'>facetissime,</span> <span class='ocrx_word' id='word_1_100' title='bbox 405 1413 516 1481; x_wconf 87' lang='lat' dir='ltr'>omnia</span> <span class='ocrx_word' id='word_1_101' title='bbox 538 1415 676 1501; x_wconf 89' lang='lat' dir='ltr'>denique</span> <span class='ocrx_word' id='word_1_102' title='bbox 697 1418 864 1500; x_wconf 89' lang='lat' dir='ltr'>tamquam</span> <span class='ocrx_word' id='word_1_103' title='bbox 886 1414 1016 1500; x_wconf 78' lang='lat' dir='ltr'>singula</span> <span class='ocrx_word' id='word_1_104' title='bbox 1038 1414 1188 1480; x_wconf 84' lang='lat' dir='ltr'>absolvit.</span> <span class='ocrx_word' id='word_1_105' title='bbox 1229 1435 1289 1500; x_wconf 92' lang='lat' dir='ltr'>pro</span> <span class='ocrx_word' id='word_1_106' title='bbox 1310 1413 1401 1481; x_wconf 74' lang='lat' dir='ltr'>hoca</span> <span class='ocrx_word' id='word_1_107' title='bbox 1450 1450 1453 1455; x_wconf 87' lang='lat'>·</span> 
     </span>
     <span class='ocr_line' id='line_1_12' title="bbox 165 1515 1372 1605; baseline -0.001 -21"><span class='ocrx_word' id='word_1_108' title='bbox 165 1538 227 1605; x_wconf 82' lang='lat' dir='ltr'>ego</span> <span class='ocrx_word' id='word_1_109' title='bbox 248 1515 369 1602; x_wconf 88' lang='lat' dir='ltr'>amico,</span> <span class='ocrx_word' id='word_1_110' title='bbox 390 1538 450 1603; x_wconf 88' lang='lat' dir='ltr'>pro</span> <span class='ocrx_word' id='word_1_111' title='bbox 472 1516 534 1583; x_wconf 90' lang='lat' dir='ltr'>hoc</span> <span class='ocrx_word' id='word_1_112' title='bbox 555 1540 618 1604; x_wconf 84' lang='lat' dir='ltr'>ego</span> <span class='ocrx_word' id='word_1_113' title='bbox 637 1518 773 1604; x_wconf 84' lang='lat' dir='ltr'>ingenio</span> <span class='ocrx_word' id='word_1_114' title='bbox 793 1539 861 1584; x_wconf 94' lang='lat' dir='ltr'>non</span> <span class='ocrx_word' id='word_1_115' title='bbox 883 1519 990 1582; x_wconf 89' lang='lat' dir='ltr'>minus</span> <span class='ocrx_word' id='word_1_116' title='bbox 1012 1539 1111 1604; x_wconf 84' lang='lat' dir='ltr'>aeger</span> <span class='ocrx_word' id='word_1_117' title='bbox 1132 1517 1251 1603; x_wconf 88' lang='lat' dir='ltr'>anime,</span> <span class='ocrx_word' id='word_1_118' title='bbox 1275 1539 1372 1604; x_wconf 89' lang='lat' dir='ltr'>quam</span> 
     </span>
     <span class='ocr_line' id='line_1_13' title="bbox 165 1618 1370 1707; baseline -0.002 -20"><span class='ocrx_word' id='word_1_119' title='bbox 165 1641 299 1706; x_wconf 89' lang='lat' dir='ltr'>corpore</span> <span class='ocrx_word' id='word_1_120' title='bbox 320 1619 391 1707; x_wconf 90' lang='lat' dir='ltr'>ille,</span> <span class='ocrx_word' id='word_1_121' title='bbox 414 1619 548 1686; x_wconf 89' lang='lat' dir='ltr'>tandem</span> <span class='ocrx_word' id='word_1_122' title='bbox 569 1620 677 1705; x_wconf 90' lang='lat' dir='ltr'>illum,</span> <span class='ocrx_word' id='word_1_123' title='bbox 706 1620 839 1686; x_wconf 83' lang='lat' dir='ltr'>tandem</span> <span class='ocrx_word' id='word_1_124' title='bbox 861 1642 913 1686; x_wconf 91' lang='lat' dir='ltr'>me</span> <span class='ocrx_word' id='word_1_125' title='bbox 934 1621 1054 1707; x_wconf 85' lang='lat' dir='ltr'>recepi.</span> <span class='ocrx_word' id='word_1_126' title='bbox 1087 1620 1253 1706; x_wconf 86' lang='lat' dir='ltr'>gratulare</span> <span class='ocrx_word' id='word_1_127' title='bbox 1279 1618 1370 1706; x_wconf 90' lang='lat' dir='ltr'>mihi,</span> 
     </span>
     <span class='ocr_line' id='line_1_14' title="bbox 165 1722 1372 1811; baseline 0 -23"><span class='ocrx_word' id='word_1_128' title='bbox 165 1722 331 1811; x_wconf 73' lang='lat' dir='ltr'>gratariare</span> <span class='ocrx_word' id='word_1_129' title='bbox 353 1723 453 1789; x_wconf 87' lang='lat' dir='ltr'>etiam</span> <span class='ocrx_word' id='word_1_130' title='bbox 474 1722 592 1788; x_wconf 88' lang='lat' dir='ltr'>litteris</span> <span class='ocrx_word' id='word_1_131' title='bbox 614 1723 709 1809; x_wconf 90' lang='lat' dir='ltr'>ipsis,</span> <span class='ocrx_word' id='word_1_132' title='bbox 741 1745 824 1810; x_wconf 90' lang='lat' dir='ltr'>quae</span> <span class='ocrx_word' id='word_1_133' title='bbox 847 1745 886 1789; x_wconf 85' lang='lat' dir='ltr'>ex</span> <span class='ocrx_word' id='word_1_134' title='bbox 914 1722 1056 1809; x_wconf 88' lang='lat' dir='ltr'>periculo</span> <span class='ocrx_word' id='word_1_135' title='bbox 1079 1724 1147 1789; x_wconf 91' lang='lat' dir='ltr'>eius</span> <span class='ocrx_word' id='word_1_136' title='bbox 1174 1724 1305 1788; x_wconf 87' lang='lat' dir='ltr'>tantum</span> <span class='ocrx_word' id='word_1_137' title='bbox 1326 1722 1372 1788; x_wconf 90' lang='lat' dir='ltr'>di·</span> 
     </span>
     <span class='ocr_line' id='line_1_15' title="bbox 165 1822 1371 1913; baseline -0.002 -20"><span class='ocrx_word' id='word_1_138' title='bbox 165 1825 306 1893; x_wconf 84' lang='lat' dir='ltr'>scrimen</span> <span class='ocrx_word' id='word_1_139' title='bbox 319 1822 487 1912; x_wconf 85' lang='lat' dir='ltr'>adierunt,</span> <span class='ocrx_word' id='word_1_140' title='bbox 510 1830 667 1912; x_wconf 90' lang='lat' dir='ltr'>quantum</span> <span class='ocrx_word' id='word_1_141' title='bbox 683 1849 722 1892; x_wconf 87' lang='lat' dir='ltr'>ex</span> <span class='ocrx_word' id='word_1_142' title='bbox 744 1826 848 1892; x_wconf 89' lang='lat' dir='ltr'>salute</span> <span class='ocrx_word' id='word_1_143' title='bbox 871 1825 994 1913; x_wconf 86' lang='lat' dir='ltr'>gloriae</span> <span class='ocrx_word' id='word_1_144' title='bbox 1010 1828 1257 1911; x_wconf 76' lang='lat' dir='ltr'>consequentur.</span> <span class='ocrx_word' id='word_1_145' title='bbox 1288 1824 1371 1891; x_wconf 86' lang='lat' dir='ltr'>vale·</span> 
     </span>
    </p>
   </div>
   <div class='ocr_carea' id='block_1_3' title="bbox 126 1955 1022 2178">
    <p class='ocr_par' dir='ltr' id='par_1_3' title="bbox 126 1955 1022 2178">
     <span class='ocr_line' id='line_1_16' title="bbox 126 1955 831 2069; baseline -0.007 0"><span class='ocrx_word' id='word_1_146' title='bbox 126 2026 154 2069; x_wconf 82' lang='lat' dir='ltr'>rs</span> <span class='ocrx_word' id='word_1_147' title='bbox 282 2011 294 2066; x_wconf 85' lang='grc'>’,</span> <span class='ocrx_word' id='word_1_148' title='bbox 706 1955 831 2065; x_wconf 79' lang='lat' dir='ltr'>xxlil.</span> 
     </span>
     <span class='ocr_line' id='line_1_17' title="bbox 517 2119 1022 2178; baseline 0.006 -4"><span class='ocrx_word' id='word_1_149' title='bbox 517 2121 549 2174; x_wconf 80' lang='lat' dir='ltr'>C.</span> <span class='ocrx_word' id='word_1_150' title='bbox 566 2119 715 2174; x_wconf 84' lang='lat' dir='ltr'><strong>PLINIUS</strong></span> <span class='ocrx_word' id='word_1_151' title='bbox 733 2120 881 2175; x_wconf 77' lang='lat' dir='ltr'>MAXIMO</span> <span class='ocrx_word' id='word_1_152' title='bbox 904 2120 976 2174; x_wconf 83' lang='lat' dir='ltr'>SUO</span> <span class='ocrx_word' id='word_1_153' title='bbox 995 2120 1022 2178; x_wconf 80' lang='lat' dir='ltr'>S.</span> 
     </span>
    </p>
   </div>
   <div class='ocr_carea' id='block_1_4' title="bbox 124 2237 1402 2842">
    <p class='ocr_par' dir='ltr' id='par_1_4' title="bbox 124 2237 1402 2842">
     <span class='ocr_line' id='line_1_18' title="bbox 243 2237 1400 2327; baseline 0.003 -26"><span class='ocrx_word' id='word_1_154' title='bbox 243 2237 452 2325; x_wconf 68' lang='lat' dir='ltr'>,Frequenter</span> <span class='ocrx_word' id='word_1_155' title='bbox 466 2239 579 2327; x_wconf 83' lang='lat' dir='ltr'>agenti</span> <span class='ocrx_word' id='word_1_156' title='bbox 589 2237 670 2304; x_wconf 91' lang='lat' dir='ltr'>mihi</span> <span class='ocrx_word' id='word_1_157' title='bbox 684 2239 793 2305; x_wconf 87' lang='lat' dir='ltr'>evenit</span> <span class='ocrx_word' id='word_1_158' title='bbox 807 2242 844 2304; x_wconf 91' lang='lat' dir='ltr'>ut</span> <span class='ocrx_word' id='word_1_159' title='bbox 856 2239 1059 2325; x_wconf 85' lang='lat' dir='ltr'>centumviri,</span> <span class='ocrx_word' id='word_1_160' title='bbox 1077 2248 1153 2306; x_wconf 87' lang='lat' dir='ltr'>cum</span> <span class='ocrx_word' id='word_1_161' title='bbox 1165 2239 1220 2305; x_wconf 90' lang='lat' dir='ltr'>diu</span> <span class='ocrx_word' id='word_1_162' title='bbox 1235 2261 1270 2306; x_wconf 88' lang='lat' dir='ltr'>se</span> <span class='ocrx_word' id='word_1_163' title='bbox 1283 2239 1400 2306; x_wconf 87' lang='lat' dir='ltr'>iutral</span> 
     </span>
     <span class='ocr_line' id='line_1_19' title="bbox 134 2341 1373 2429; baseline 0 -21"><span class='ocrx_word' id='word_1_164' title='bbox 134 2352 138 2392; x_wconf 82' lang='grc' dir='ltr'>ἱ</span> <span class='ocrx_word' id='word_1_165' title='bbox 165 2341 310 2408; x_wconf 89' lang='lat' dir='ltr'>iudicum</span> <span class='ocrx_word' id='word_1_166' title='bbox 337 2343 564 2408; x_wconf 88' lang='lat' dir='ltr'>auctoritatem</span> <span class='ocrx_word' id='word_1_167' title='bbox 592 2341 848 2429; x_wconf 82' lang='lat' dir='ltr'>gravitatemque</span> <span class='ocrx_word' id='word_1_168' title='bbox 870 2343 1067 2429; x_wconf 90' lang='lat' dir='ltr'>tenuissent,</span> <span class='ocrx_word' id='word_1_169' title='bbox 1097 2349 1221 2409; x_wconf 83' lang='lat' dir='ltr'>omues·</span> <span class='ocrx_word' id='word_1_170' title='bbox 1238 2345 1373 2428; x_wconf 90' lang='lat' dir='ltr'>repente</span> 
     </span>
     <span class='ocr_line' id='line_1_20' title="bbox 165 2443 1402 2533; baseline -0.002 -22"><span class='ocrx_word' id='word_1_171' title='bbox 165 2445 365 2532; x_wconf 81' lang='lat' dir='ltr'>quasivicti</span> <span class='ocrx_word' id='word_1_172' title='bbox 394 2446 561 2533; x_wconf 81' lang='lat' dir='ltr'>coactique</span> <span class='ocrx_word' id='word_1_173' title='bbox 589 2448 823 2533; x_wconf 84' lang='lat' dir='ltr'>consurgerent</span> <span class='ocrx_word' id='word_1_174' title='bbox 856 2446 1106 2532; x_wconf 82' lang='lat' dir='ltr'>laudarentque3</span> <span class='ocrx_word' id='word_1_175' title='bbox 1139 2445 1328 2532; x_wconf 86' lang='lat' dir='ltr'>frequenter</span> <span class='ocrx_word' id='word_1_176' title='bbox 1354 2443 1402 2511; x_wconf 84' lang='lat' dir='ltr'>e2</span> 
     </span>
     <span class='ocr_line' id='line_1_21' title="bbox 124 2548 1372 2636; baseline 0.001 -22"><span class='ocrx_word' id='word_1_177' title='bbox 124 2572 153 2614; x_wconf 82' lang='lat' dir='ltr'>so</span> <span class='ocrx_word' id='word_1_178' title='bbox 166 2549 284 2614; x_wconf 88' lang='lat' dir='ltr'>senatu</span> <span class='ocrx_word' id='word_1_179' title='bbox 310 2548 448 2634; x_wconf 86' lang='lat' dir='ltr'>famam,</span> <span class='ocrx_word' id='word_1_180' title='bbox 483 2550 612 2636; x_wconf 79' lang='lat' dir='ltr'>qualem</span> <span class='ocrx_word' id='word_1_181' title='bbox 633 2551 771 2615; x_wconf 84' lang='lat' dir='ltr'>maxime</span> <span class='ocrx_word' id='word_1_182' title='bbox 799 2552 1002 2635; x_wconf 83' lang='lat' dir='ltr'>optaveram,</span> <span class='ocrx_word' id='word_1_183' title='bbox 1036 2548 1163 2616; x_wconf 90' lang='lat' dir='ltr'>rettuli:</span> <span class='ocrx_word' id='word_1_184' title='bbox 1195 2570 1372 2636; x_wconf 89' lang='lat' dir='ltr'>numquam</span> 
     </span>
     <span class='ocr_line' id='line_1_22' title="bbox 166 2650 1372 2738; baseline 0.001 -22"><span class='ocrx_word' id='word_1_185' title='bbox 166 2654 278 2717; x_wconf 85' lang='lat' dir='ltr'>tamen</span> <span class='ocrx_word' id='word_1_186' title='bbox 300 2653 455 2718; x_wconf 90' lang='lat' dir='ltr'>maiorem</span> <span class='ocrx_word' id='word_1_187' title='bbox 478 2653 548 2738; x_wconf 90' lang='lat' dir='ltr'>cepi</span> <span class='ocrx_word' id='word_1_188' title='bbox 573 2652 788 2737; x_wconf 81' lang='lat' dir='ltr'>voluptatem,</span> <span class='ocrx_word' id='word_1_189' title='bbox 817 2675 913 2738; x_wconf 90' lang='lat' dir='ltr'>quam</span> <span class='ocrx_word' id='word_1_190' title='bbox 935 2675 1039 2738; x_wconf 89' lang='lat' dir='ltr'>nuper</span> <span class='ocrx_word' id='word_1_191' title='bbox 1065 2675 1105 2718; x_wconf 86' lang='lat' dir='ltr'>ex</span> <span class='ocrx_word' id='word_1_192' title='bbox 1126 2673 1274 2718; x_wconf 90' lang='lat' dir='ltr'>sermone</span> <span class='ocrx_word' id='word_1_193' title='bbox 1296 2650 1372 2718; x_wconf 80' lang='lat' dir='ltr'>Gor·</span> 
     </span>
     <span class='ocr_line' id='line_1_23' title="bbox 165 2752 1370 2842; baseline 0.001 -22"><span class='ocrx_word' id='word_1_194' title='bbox 165 2752 235 2820; x_wconf 89' lang='lat' dir='ltr'>neli</span> <span class='ocrx_word' id='word_1_195' title='bbox 256 2752 372 2822; x_wconf 85' lang='lat' dir='ltr'>Taciti.</span> <span class='ocrx_word' id='word_1_196' title='bbox 404 2755 560 2821; x_wconf 88' lang='lat' dir='ltr'>narrabat</span> <span class='ocrx_word' id='word_1_197' title='bbox 576 2754 695 2821; x_wconf 86' lang='lat' dir='ltr'>sedisse</span> <span class='ocrx_word' id='word_1_198' title='bbox 709 2776 819 2821; x_wconf 89' lang='lat' dir='ltr'>secum</span> <span class='ocrx_word' id='word_1_199' title='bbox 840 2755 1036 2822; x_wconf 88' lang='lat' dir='ltr'>circensibus</span> <span class='ocrx_word' id='word_1_200' title='bbox 1050 2754 1206 2842; x_wconf 87' lang='lat' dir='ltr'>proximis</span> <span class='ocrx_word' id='word_1_201' title='bbox 1229 2754 1370 2841; x_wconf 88' lang='lat' dir='ltr'>equitem</span> 
     </span>
    </p>
   </div>
   <div class='ocr_carea' id='block_1_5' title="bbox 169 2947 375 2961">
    <p class='ocr_par' dir='ltr' id='par_1_5' title="bbox 169 2947 375 2961">
     <span class='ocr_line' id='line_1_24' title="bbox 169 2947 375 2961; baseline -0.015 0"><span class='ocrx_word' id='word_1_202' title='bbox 169 2947 375 2961; x_wconf 51' lang='lat' dir='ltr'>m-</span> 
     </span>
    </p>
   </div>
   <div class='ocr_carea' id='block_1_6' title="bbox 167 3059 1424 4165">
    <p class='ocr_par' dir='ltr' id='par_1_6' title="bbox 167 3059 1424 4165">
     <span class='ocr_line' id='line_1_25' title="bbox 220 3059 1372 3134; baseline 0 -16"><span class='ocrx_word' id='word_1_203' title='bbox 220 3059 253 3118; x_wconf 70' lang='lat'>&#39;1</span> <span class='ocrx_word' id='word_1_204' title='bbox 271 3067 360 3119; x_wconf 89' lang='lat' dir='ltr'>nostri</span> <span class='ocrx_word' id='word_1_205' title='bbox 377 3067 583 3119; x_wconf 77' lang='lat' dir='ltr'>amentissimus</span> <span class='ocrx_word' id='word_1_206' title='bbox 601 3066 812 3118; x_wconf 80' lang='lat' dir='ltr'>honestissimus</span> <span class='ocrx_word' id='word_1_207' title='bbox 830 3069 894 3131; x_wconf 80' lang='lat' dir='ltr'>Dpr</span> <span class='ocrx_word' id='word_1_208' title='bbox 978 3072 1088 3119; x_wconf 89' lang='lat' dir='ltr'>ueteres</span> <span class='ocrx_word' id='word_1_209' title='bbox 1110 3064 1228 3132; x_wconf 83' lang='lat' dir='ltr'>(ueteris</span> <span class='ocrx_word' id='word_1_210' title='bbox 1243 3065 1277 3134; x_wconf 81' lang='lat' dir='ltr'>D)</span> <span class='ocrx_word' id='word_1_211' title='bbox 1297 3082 1372 3118; x_wconf 86' lang='lat' dir='ltr'>emu-</span> 
     </span>
     <span class='ocr_line' id='line_1_26' title="bbox 167 3135 1370 3204; baseline -0.003 -14"><span class='ocrx_word' id='word_1_212' title='bbox 167 3135 288 3190; x_wconf 86' lang='lat' dir='ltr'>lationes</span> <span class='ocrx_word' id='word_1_213' title='bbox 305 3137 436 3202; x_wconf 85' lang='lat' dir='ltr'>exprimit</span> <span class='ocrx_word' id='word_1_214' title='bbox 452 3138 496 3200; x_wconf 76' lang='lat' dir='ltr'>Dp</span> <span class='ocrx_word' id='word_1_215' title='bbox 582 3135 727 3187; x_wconf 81' lang='lat' dir='ltr'>3soboles</span> <span class='ocrx_word' id='word_1_216' title='bbox 745 3136 860 3200; x_wconf 74' lang='lat' dir='ltr'>11me</span> <span class='ocrx_word' id='word_1_217' title='bbox 929 3135 1029 3203; x_wconf 89' lang='lat' dir='ltr'>eoque]</span> <span class='ocrx_word' id='word_1_218' title='bbox 1051 3141 1168 3204; x_wconf 82' lang='lat' dir='ltr'>tequep</span> <span class='ocrx_word' id='word_1_219' title='bbox 1237 3137 1297 3187; x_wconf 84' lang='lat' dir='ltr'>4si</span> <span class='ocrx_word' id='word_1_220' title='bbox 1314 3135 1370 3187; x_wconf 88' lang='lat' dir='ltr'>ele-</span> 
     </span>
     <span class='ocr_line' id='line_1_27' title="bbox 168 3201 1373 3273; baseline -0.002 -17"><span class='ocrx_word' id='word_1_221' title='bbox 168 3201 375 3273; x_wconf 76' lang='lat' dir='ltr'>gos]leg01&gt;p</span> <span class='ocrx_word' id='word_1_222' title='bbox 460 3206 604 3262; x_wconf 78' lang='lat' dir='ltr'>inmanes</span> <span class='ocrx_word' id='word_1_223' title='bbox 621 3207 649 3253; x_wconf 77' lang='lat'>21</span> <span class='ocrx_word' id='word_1_224' title='bbox 666 3205 696 3254; x_wconf 90' lang='lat' dir='ltr'>in</span> <span class='ocrx_word' id='word_1_225' title='bbox 713 3220 796 3255; x_wconf 86' lang='lat' dir='ltr'>manu</span> <span class='ocrx_word' id='word_1_226' title='bbox 814 3206 923 3267; x_wconf 81' lang='lat' dir='ltr'>Dprin</span> <span class='ocrx_word' id='word_1_227' title='bbox 941 3220 1052 3256; x_wconf 89' lang='lat' dir='ltr'>manum</span> <span class='ocrx_word' id='word_1_228' title='bbox 1069 3220 1087 3255; x_wconf 73' lang='lat' dir='ltr'>a</span> <span class='ocrx_word' id='word_1_229' title='bbox 1161 3205 1183 3271; x_wconf 14' lang='lat'>,5</span> <span class='ocrx_word' id='word_1_230' title='bbox 1200 3205 1230 3255; x_wconf 88' lang='lat' dir='ltr'>in</span> <span class='ocrx_word' id='word_1_231' title='bbox 1248 3204 1373 3271; x_wconf 85' lang='lat' dir='ltr'>properti</span> 
     </span>
     <span class='ocr_line' id='line_1_28' title="bbox 168 3268 1372 3341; baseline -0.001 -17"><span class='ocrx_word' id='word_1_232' title='bbox 168 3275 211 3337; x_wconf 73' lang='lat' dir='ltr'>(in</span> <span class='ocrx_word' id='word_1_233' title='bbox 228 3275 370 3341; x_wconf 82' lang='lat' dir='ltr'>Propertii</span> <span class='ocrx_word' id='word_1_234' title='bbox 387 3274 415 3337; x_wconf 73' lang='grc' dir='ltr'>ι)</span> <span class='ocrx_word' id='word_1_235' title='bbox 434 3273 513 3325; x_wconf 91' lang='lat' dir='ltr'>domo</span> <span class='ocrx_word' id='word_1_236' title='bbox 532 3275 665 3339; x_wconf 85' lang='lat' dir='ltr'>seriptum</span> <span class='ocrx_word' id='word_1_237' title='bbox 682 3275 730 3322; x_wconf 74' lang='lat' dir='ltr'>ue</span> <span class='ocrx_word' id='word_1_238' title='bbox 747 3274 777 3324; x_wconf 93' lang='lat' dir='ltr'>in</span> <span class='ocrx_word' id='word_1_239' title='bbox 795 3275 967 3340; x_wconf 89' lang='lat' dir='ltr'>propertium</span> <span class='ocrx_word' id='word_1_240' title='bbox 984 3274 1066 3339; x_wconf 85' lang='lat' dir='ltr'>idque</span> <span class='ocrx_word' id='word_1_241' title='bbox 1084 3274 1188 3340; x_wconf 91' lang='lat' dir='ltr'>optimo</span> <span class='ocrx_word' id='word_1_242' title='bbox 1217 3271 1332 3340; x_wconf 87' lang='lat' dir='ltr'>(optime</span> <span class='ocrx_word' id='word_1_243' title='bbox 1344 3268 1372 3338; x_wconf 83' lang='lat' dir='ltr'>p)</span> 
     </span>
     <span class='ocr_line' id='line_1_29' title="bbox 169 3342 1373 3409; baseline -0.002 -15"><span class='ocrx_word' id='word_1_244' title='bbox 169 3344 302 3409; x_wconf 88' lang='lat' dir='ltr'>scriptum</span> <span class='ocrx_word' id='word_1_245' title='bbox 318 3345 363 3407; x_wconf 80' lang='lat' dir='ltr'>Dp</span> <span class='ocrx_word' id='word_1_246' title='bbox 390 3343 578 3409; x_wconf 81' lang='lat' dir='ltr'>peropcrtium</span> <span class='ocrx_word' id='word_1_247' title='bbox 604 3343 687 3407; x_wconf 85' lang='lat' dir='ltr'>idque</span> <span class='ocrx_word' id='word_1_248' title='bbox 715 3344 817 3406; x_wconf 86' lang='lat' dir='ltr'>optime</span> <span class='ocrx_word' id='word_1_249' title='bbox 836 3344 1001 3408; x_wconf 89' lang='lat' dir='ltr'>scriptumr</span> <span class='ocrx_word' id='word_1_250' title='bbox 1026 3343 1238 3408; x_wconf 85' lang='lat' dir='ltr'>Propertienum</span> <span class='ocrx_word' id='word_1_251' title='bbox 1257 3342 1373 3407; x_wconf 88' lang='lat' dir='ltr'>ideoque</span> 
     </span>
     <span class='ocr_line' id='line_1_30' title="bbox 170 3411 1373 3478; baseline -0.002 -15"><span class='ocrx_word' id='word_1_252' title='bbox 170 3413 274 3478; x_wconf 89' lang='lat' dir='ltr'>optime</span> <span class='ocrx_word' id='word_1_253' title='bbox 292 3413 426 3476; x_wconf 87' lang='lat' dir='ltr'>scriptum</span> <span class='ocrx_word' id='word_1_254' title='bbox 444 3424 462 3467; x_wconf 85' lang='grc' dir='ltr'><strong><em>ς</em></strong></span> <span class='ocrx_word' id='word_1_255' title='bbox 479 3412 509 3461; x_wconf 90' lang='lat' dir='ltr'>in</span> <span class='ocrx_word' id='word_1_256' title='bbox 526 3412 666 3476; x_wconf 88' lang='lat' dir='ltr'>Propertii</span> <span class='ocrx_word' id='word_1_257' title='bbox 684 3411 777 3462; x_wconf 86' lang='lat' dir='ltr'>modos</span> <span class='ocrx_word' id='word_1_258' title='bbox 795 3411 928 3476; x_wconf 86' lang='lat' dir='ltr'>scriptum</span> <span class='ocrx_word' id='word_1_259' title='bbox 947 3413 1047 3462; x_wconf 84' lang='lat' dir='ltr'>Alanus</span> <span class='ocrx_word' id='word_1_260' title='bbox 1065 3414 1092 3462; x_wconf 80' lang='lat' dir='ltr'>in</span> <span class='ocrx_word' id='word_1_261' title='bbox 1109 3413 1168 3462; x_wconf 81' lang='lat' dir='ltr'>loca</span> <span class='ocrx_word' id='word_1_262' title='bbox 1185 3412 1283 3477; x_wconf 80' lang='lat' dir='ltr'>aliquot</span> <span class='ocrx_word' id='word_1_263' title='bbox 1300 3411 1373 3461; x_wconf 83' lang='lat' dir='ltr'>Cice·</span> 
     </span>
     <span class='ocr_line' id='line_1_31' title="bbox 169 3478 1424 3546; baseline -0.001 -15"><span class='ocrx_word' id='word_1_264' title='bbox 169 3481 415 3532; x_wconf 79' lang='lat' dir='ltr'>ronisDubtiaiia.</span> <span class='ocrx_word' id='word_1_265' title='bbox 435 3478 603 3545; x_wconf 67' lang='lat'>18631222</span> <span class='ocrx_word' id='word_1_266' title='bbox 673 3479 805 3545; x_wconf 79' lang='lat' dir='ltr'>deffingi</span> <span class='ocrx_word' id='word_1_267' title='bbox 822 3487 904 3545; x_wconf 90' lang='lat' dir='ltr'>putes</span> <span class='ocrx_word' id='word_1_268' title='bbox 921 3483 1006 3543; x_wconf 83' lang='lat' dir='ltr'>Dprs</span> <span class='ocrx_word' id='word_1_269' title='bbox 1023 3479 1134 3544; x_wconf 81' lang='lat' dir='ltr'>effingit</span> <span class='ocrx_word' id='word_1_270' title='bbox 1151 3481 1289 3546; x_wconf 77' lang='lat' dir='ltr'>potestbi</span> <span class='ocrx_word' id='word_1_271' title='bbox 1357 3480 1373 3530; x_wconf 83' lang='lat' dir='ltr'>&#39;i</span> <span class='ocrx_word' id='word_1_272' title='bbox 1415 3537 1424 3544; x_wconf 32' lang='lat'><strong>¹</strong></span> 
     </span>
     <span class='ocr_line' id='line_1_32' title="bbox 170 3545 1374 3616; baseline -0.001 -16"><span class='ocrx_word' id='word_1_273' title='bbox 170 3549 326 3616; x_wconf 76' lang='lat' dir='ltr'>segnitior</span> <span class='ocrx_word' id='word_1_274' title='bbox 405 3549 588 3614; x_wconf 89' lang='lat' dir='ltr'>propinquum</span> <span class='ocrx_word' id='word_1_275' title='bbox 605 3550 668 3596; x_wconf 84' lang='lat' dir='ltr'>Dra</span> <span class='ocrx_word' id='word_1_276' title='bbox 685 3549 857 3613; x_wconf 88' lang='lat' dir='ltr'>propinquus</span> <span class='ocrx_word' id='word_1_277' title='bbox 875 3550 924 3604; x_wconf 69' lang='lat'>215</span> <span class='ocrx_word' id='word_1_278' title='bbox 941 3549 1130 3614; x_wconf 82' lang='lat' dir='ltr'>propinquep</span> <span class='ocrx_word' id='word_1_279' title='bbox 1217 3545 1374 3601; x_wconf 77' lang='lat' dir='ltr'>emollitae</span> 
     </span>
     <span class='ocr_line' id='line_1_33' title="bbox 170 3616 1373 3682; baseline 0 -16"><span class='ocrx_word' id='word_1_280' title='bbox 170 3619 213 3681; x_wconf 79' lang='lat' dir='ltr'>Dp</span> <span class='ocrx_word' id='word_1_281' title='bbox 283 3616 416 3668; x_wconf 84' lang='lat' dir='ltr'>9lsudet</span> <span class='ocrx_word' id='word_1_282' title='bbox 433 3622 465 3666; x_wconf 90' lang='lat' dir='ltr'>ut</span> <span class='ocrx_word' id='word_1_283' title='bbox 483 3618 530 3682; x_wconf 88' lang='lat' dir='ltr'>qui</span> <span class='ocrx_word' id='word_1_284' title='bbox 548 3617 747 3681; x_wconf 74' lang='lat' dir='ltr'>benignissime</span> <span class='ocrx_word' id='word_1_285' title='bbox 765 3618 853 3668; x_wconf 74' lang='lat' dir='ltr'>onai&gt;</span> <span class='ocrx_word' id='word_1_286' title='bbox 883 3656 887 3664; x_wconf 92' lang='lat'>.</span> <span class='ocrx_word' id='word_1_287' title='bbox 940 3620 972 3667; x_wconf 92' lang='grc'>10</span> <span class='ocrx_word' id='word_1_288' title='bbox 990 3617 1158 3668; x_wconf 84' lang='lat' dir='ltr'>facitissime</span> <span class='ocrx_word' id='word_1_289' title='bbox 1176 3617 1204 3664; x_wconf 70' lang='lat' dir='ltr'>H</span> <span class='ocrx_word' id='word_1_290' title='bbox 1274 3617 1304 3665; x_wconf 87' lang='lat'>11</span> <span class='ocrx_word' id='word_1_291' title='bbox 1324 3631 1373 3680; x_wconf 91' lang='lat' dir='ltr'>pro</span> 
     </span>
     <span class='ocr_line' id='line_1_34' title="bbox 169 3682 1372 3751; baseline -0.001 -16"><span class='ocrx_word' id='word_1_292' title='bbox 169 3685 223 3737; x_wconf 86' lang='lat' dir='ltr'>boc</span> <span class='ocrx_word' id='word_1_293' title='bbox 241 3700 292 3750; x_wconf 84' lang='lat' dir='ltr'>ego</span> <span class='ocrx_word' id='word_1_294' title='bbox 312 3685 415 3745; x_wconf 86' lang='lat' dir='ltr'>amieo,</span> <span class='ocrx_word' id='word_1_295' title='bbox 434 3701 482 3750; x_wconf 90' lang='lat' dir='ltr'>pro</span> <span class='ocrx_word' id='word_1_296' title='bbox 502 3685 554 3735; x_wconf 87' lang='lat' dir='ltr'>hoe</span> <span class='ocrx_word' id='word_1_297' title='bbox 573 3701 625 3750; x_wconf 78' lang='lat' dir='ltr'>ego</span> <span class='ocrx_word' id='word_1_298' title='bbox 644 3686 756 3749; x_wconf 81' lang='lat' dir='ltr'>ingenio</span> <span class='ocrx_word' id='word_1_299' title='bbox 775 3685 878 3735; x_wconf 75' lang='lat' dir='ltr'>Cercius</span> <span class='ocrx_word' id='word_1_300' title='bbox 896 3701 945 3751; x_wconf 89' lang='lat' dir='ltr'>pro</span> <span class='ocrx_word' id='word_1_301' title='bbox 963 3685 1015 3737; x_wconf 88' lang='lat' dir='ltr'>hoe</span> <span class='ocrx_word' id='word_1_302' title='bbox 1033 3701 1122 3751; x_wconf 85' lang='lat' dir='ltr'>aequo</span> <span class='ocrx_word' id='word_1_303' title='bbox 1142 3685 1232 3735; x_wconf 87' lang='lat' dir='ltr'>amico</span> <span class='ocrx_word' id='word_1_304' title='bbox 1251 3699 1300 3748; x_wconf 92' lang='lat' dir='ltr'>pro</span> <span class='ocrx_word' id='word_1_305' title='bbox 1318 3682 1372 3734; x_wconf 88' lang='lat' dir='ltr'>boc</span> 
     </span>
     <span class='ocr_line' id='line_1_35' title="bbox 170 3748 1373 3820; baseline -0.002 -14"><span class='ocrx_word' id='word_1_306' title='bbox 170 3768 261 3819; x_wconf 75' lang='lat' dir='ltr'>aequo</span> <span class='ocrx_word' id='word_1_307' title='bbox 278 3753 393 3820; x_wconf 85' lang='lat' dir='ltr'>ingenio</span> <span class='ocrx_word' id='word_1_308' title='bbox 411 3755 439 3802; x_wconf 74' lang='grc' dir='ltr'><strong>Μ</strong></span> <span class='ocrx_word' id='word_1_309' title='bbox 456 3769 505 3820; x_wconf 92' lang='lat' dir='ltr'>pro</span> <span class='ocrx_word' id='word_1_310' title='bbox 523 3753 575 3805; x_wconf 90' lang='lat' dir='ltr'>hoe</span> <span class='ocrx_word' id='word_1_311' title='bbox 593 3768 645 3818; x_wconf 75' lang='lat' dir='ltr'>ego</span> <span class='ocrx_word' id='word_1_312' title='bbox 664 3755 754 3805; x_wconf 87' lang='lat' dir='ltr'>amico</span> <span class='ocrx_word' id='word_1_313' title='bbox 772 3769 821 3819; x_wconf 90' lang='lat' dir='ltr'>pro</span> <span class='ocrx_word' id='word_1_314' title='bbox 839 3754 892 3804; x_wconf 89' lang='lat' dir='ltr'>hoc</span> <span class='ocrx_word' id='word_1_315' title='bbox 911 3755 1025 3819; x_wconf 79' lang='lat' dir='ltr'>ingenio</span> <span class='ocrx_word' id='word_1_316' title='bbox 1038 3756 1083 3803; x_wconf 79' lang='lat' dir='ltr'>De</span> <span class='ocrx_word' id='word_1_317' title='bbox 1101 3769 1153 3819; x_wconf 82' lang='lat' dir='ltr'>ego</span> <span class='ocrx_word' id='word_1_318' title='bbox 1172 3768 1220 3818; x_wconf 91' lang='lat' dir='ltr'>pro</span> <span class='ocrx_word' id='word_1_319' title='bbox 1238 3751 1290 3803; x_wconf 91' lang='lat' dir='ltr'>hoo</span> <span class='ocrx_word' id='word_1_320' title='bbox 1308 3748 1373 3817; x_wconf 82' lang='lat' dir='ltr'>(ego</span> 
     </span>
     <span class='ocr_line' id='line_1_36' title="bbox 169 3820 1372 3888; baseline -0.001 -16"><span class='ocrx_word' id='word_1_321' title='bbox 169 3821 223 3874; x_wconf 89' lang='lat' dir='ltr'>hoc</span> <span class='ocrx_word' id='word_1_322' title='bbox 240 3837 290 3888; x_wconf 89' lang='lat' dir='ltr'>pro</span> <span class='ocrx_word' id='word_1_323' title='bbox 307 3821 354 3885; x_wconf 75' lang='lat' dir='ltr'>rs)</span> <span class='ocrx_word' id='word_1_324' title='bbox 373 3822 461 3874; x_wconf 88' lang='lat' dir='ltr'>amieo</span> <span class='ocrx_word' id='word_1_325' title='bbox 479 3838 528 3888; x_wconf 89' lang='lat' dir='ltr'>pro</span> <span class='ocrx_word' id='word_1_326' title='bbox 546 3822 599 3873; x_wconf 90' lang='lat' dir='ltr'>hoc</span> <span class='ocrx_word' id='word_1_327' title='bbox 618 3823 729 3888; x_wconf 82' lang='lat' dir='ltr'>ingenio</span> <span class='ocrx_word' id='word_1_328' title='bbox 747 3837 783 3885; x_wconf 91' lang='lat' dir='ltr'>pr</span> <span class='ocrx_word' id='word_1_329' title='bbox 886 3839 940 3873; x_wconf 90' lang='lat' dir='ltr'>non</span> <span class='ocrx_word' id='word_1_330' title='bbox 959 3825 1049 3875; x_wconf 91' lang='lat' dir='ltr'>minus</span> <span class='ocrx_word' id='word_1_331' title='bbox 1069 3838 1159 3888; x_wconf 84' lang='lat' dir='ltr'>aeque</span> <span class='ocrx_word' id='word_1_332' title='bbox 1178 3835 1261 3872; x_wconf 87' lang='lat' dir='ltr'>sanus</span> <span class='ocrx_word' id='word_1_333' title='bbox 1279 3820 1372 3871; x_wconf 83' lang='lat' dir='ltr'>animo</span> 
     </span>
     <span class='ocr_line' id='line_1_37' title="bbox 170 3886 1374 3957; baseline -0.002 -17"><span class='ocrx_word' id='word_1_334' title='bbox 170 3892 199 3940; x_wconf 71' lang='grc' dir='ltr'><strong>Π</strong></span> <span class='ocrx_word' id='word_1_335' title='bbox 224 3886 229 3899; x_wconf 82' lang='lat'>‘</span> <span class='ocrx_word' id='word_1_336' title='bbox 272 3906 366 3956; x_wconf 84' lang='lat' dir='ltr'>-quam</span> <span class='ocrx_word' id='word_1_337' title='bbox 386 3907 499 3957; x_wconf 88' lang='lat' dir='ltr'>corpore</span> <span class='ocrx_word' id='word_1_338' title='bbox 516 3891 565 3942; x_wconf 89' lang='lat' dir='ltr'>ille</span> <span class='ocrx_word' id='word_1_339' title='bbox 585 3891 648 3956; x_wconf 86' lang='lat' dir='ltr'>(iiie</span> <span class='ocrx_word' id='word_1_340' title='bbox 667 3908 713 3946; x_wconf 85' lang='lat' dir='ltr'>om,</span> <span class='ocrx_word' id='word_1_341' title='bbox 731 3890 770 3956; x_wconf 76' lang='grc' dir='ltr'>Μ)</span> <span class='ocrx_word' id='word_1_342' title='bbox 789 3892 902 3942; x_wconf 85' lang='lat' dir='ltr'>tandem</span> <span class='ocrx_word' id='word_1_343' title='bbox 920 3891 997 3942; x_wconf 90' lang='lat' dir='ltr'>illum</span> <span class='ocrx_word' id='word_1_344' title='bbox 1016 3892 1131 3944; x_wconf 89' lang='lat' dir='ltr'>tandem</span> <span class='ocrx_word' id='word_1_345' title='bbox 1149 3906 1192 3941; x_wconf 91' lang='lat' dir='ltr'>me</span> <span class='ocrx_word' id='word_1_346' title='bbox 1210 3889 1305 3954; x_wconf 87' lang='lat' dir='ltr'>recepi</span> <span class='ocrx_word' id='word_1_347' title='bbox 1322 3889 1374 3938; x_wconf 71' lang='lat' dir='ltr'>lia</span> 
     </span>
     <span class='ocr_line' id='line_1_38' title="bbox 171 3956 1373 4026; baseline -0.003 -16"><span class='ocrx_word' id='word_1_348' title='bbox 171 3974 254 4024; x_wconf 88' lang='lat' dir='ltr'>quam</span> <span class='ocrx_word' id='word_1_349' title='bbox 272 3974 386 4025; x_wconf 83' lang='lat' dir='ltr'>corpore</span> <span class='ocrx_word' id='word_1_350' title='bbox 404 3960 483 4010; x_wconf 89' lang='lat' dir='ltr'>illum</span> <span class='ocrx_word' id='word_1_351' title='bbox 501 3959 615 4010; x_wconf 89' lang='lat' dir='ltr'>tandem</span> <span class='ocrx_word' id='word_1_352' title='bbox 634 3975 677 4010; x_wconf 89' lang='lat' dir='ltr'>me</span> <span class='ocrx_word' id='word_1_353' title='bbox 698 3960 821 4022; x_wconf 87' lang='lat' dir='ltr'>(tandem</span> <span class='ocrx_word' id='word_1_354' title='bbox 841 3961 875 4010; x_wconf 84' lang='lat' dir='ltr'>ad</span> <span class='ocrx_word' id='word_1_355' title='bbox 896 3977 938 4010; x_wconf 90' lang='lat' dir='ltr'>mo</span> <span class='ocrx_word' id='word_1_356' title='bbox 956 3956 985 4026; x_wconf 82' lang='lat' dir='ltr'>p]</span> <span class='ocrx_word' id='word_1_357' title='bbox 1003 3963 1097 4026; x_wconf 91' lang='lat' dir='ltr'>recepi</span> <span class='ocrx_word' id='word_1_358' title='bbox 1115 3963 1191 4023; x_wconf 80' lang='lat' dir='ltr'>Dpr:</span> <span class='ocrx_word' id='word_1_359' title='bbox 1212 3973 1294 4022; x_wconf 88' lang='lat' dir='ltr'>quam</span> <span class='ocrx_word' id='word_1_360' title='bbox 1313 3973 1373 4007; x_wconf 89' lang='lat' dir='ltr'>cor·</span> 
     </span>
     <span class='ocr_line' id='line_1_39' title="bbox 170 4026 1312 4095; baseline 0.001 -16"><span class='ocrx_word' id='word_1_361' title='bbox 170 4028 372 4094; x_wconf 82' lang='lat' dir='ltr'>pore.tendem</span> <span class='ocrx_word' id='word_1_362' title='bbox 390 4028 468 4095; x_wconf 86' lang='lat' dir='ltr'>illum</span> <span class='ocrx_word' id='word_1_363' title='bbox 486 4029 565 4078; x_wconf 89' lang='lat' dir='ltr'>modo</span> <span class='ocrx_word' id='word_1_364' title='bbox 584 4045 614 4078; x_wconf 89' lang='lat' dir='ltr'>se</span> <span class='ocrx_word' id='word_1_365' title='bbox 633 4029 718 4093; x_wconf 90' lang='lat' dir='ltr'>recipi</span> <span class='ocrx_word' id='word_1_366' title='bbox 738 4028 890 4093; x_wconf 81' lang='lat' dir='ltr'>gratulare,</span> <span class='ocrx_word' id='word_1_367' title='bbox 910 4029 1052 4095; x_wconf 78' lang='lat' dir='ltr'>gratulare</span> <span class='ocrx_word' id='word_1_368' title='bbox 1072 4029 1155 4080; x_wconf 86' lang='lat' dir='ltr'>etiam</span> <span class='ocrx_word' id='word_1_369' title='bbox 1173 4026 1277 4077; x_wconf 87' lang='lat' dir='ltr'>litteris</span> <span class='ocrx_word' id='word_1_370' title='bbox 1295 4036 1312 4080; x_wconf 76' lang='grc' dir='ltr'><strong><em>ς</em></strong></span> 
     </span>
     <span class='ocr_line' id='line_1_40' title="bbox 171 4091 1375 4165; baseline -0.005 -17"><span class='ocrx_word' id='word_1_371' title='bbox 171 4099 204 4148; x_wconf 71' lang='lat'>123</span> <span class='ocrx_word' id='word_1_372' title='bbox 223 4097 365 4165; x_wconf 76' lang='lat' dir='ltr'>gratulare</span> <span class='ocrx_word' id='word_1_373' title='bbox 384 4096 451 4147; x_wconf 83' lang='lat' dir='ltr'>milri</span> <span class='ocrx_word' id='word_1_374' title='bbox 469 4111 515 4146; x_wconf 86' lang='lat' dir='ltr'>om.</span> <span class='ocrx_word' id='word_1_375' title='bbox 533 4098 595 4160; x_wconf 84' lang='lat' dir='ltr'>Dpr</span> <span class='ocrx_word' id='word_1_376' title='bbox 665 4099 697 4147; x_wconf 84' lang='lat'>13</span> <span class='ocrx_word' id='word_1_377' title='bbox 715 4094 796 4164; x_wconf 89' lang='lat' dir='ltr'>ipsis]</span> <span class='ocrx_word' id='word_1_378' title='bbox 816 4099 904 4164; x_wconf 90' lang='lat' dir='ltr'>ipsius</span> <span class='ocrx_word' id='word_1_379' title='bbox 923 4113 940 4147; x_wconf 79' lang='lat' dir='ltr'>a</span> <span class='ocrx_word' id='word_1_380' title='bbox 1026 4100 1059 4148; x_wconf 75' lang='lat'>14</span> <span class='ocrx_word' id='word_1_381' title='bbox 1077 4097 1171 4148; x_wconf 87' lang='lat' dir='ltr'>adiere</span> <span class='ocrx_word' id='word_1_382' title='bbox 1189 4106 1231 4160; x_wconf 70' lang='lat' dir='ltr'>ps</span> <span class='ocrx_word' id='word_1_383' title='bbox 1249 4091 1343 4145; x_wconf 85' lang='lat' dir='ltr'>adiero</span> <span class='ocrx_word' id='word_1_384' title='bbox 1360 4108 1375 4142; x_wconf 87' lang='lat' dir='ltr'>r</span> 
     </span>
    </p>
   </div>
   <div class='ocr_carea' id='block_1_7' title="bbox 144 4231 1374 4715">
    <p class='ocr_par' dir='ltr' id='par_1_7' title="bbox 171 4231 1373 4436">
     <span class='ocr_line' id='line_1_41' title="bbox 194 4231 1373 4295; baseline -0.005 -7"><span class='ocrx_word' id='word_1_385' title='bbox 194 4283 198 4288; x_wconf 90' lang='lat'>.</span> <span class='ocrx_word' id='word_1_386' title='bbox 239 4233 335 4286; x_wconf 85' lang='lat' dir='ltr'>XXIII</span> <span class='ocrx_word' id='word_1_387' title='bbox 353 4236 384 4285; x_wconf 80' lang='grc'>17</span> <span class='ocrx_word' id='word_1_388' title='bbox 403 4234 482 4285; x_wconf 88' lang='lat' dir='ltr'>uenit</span> <span class='ocrx_word' id='word_1_389' title='bbox 499 4249 516 4283; x_wconf 83' lang='lat' dir='ltr'>a</span> <span class='ocrx_word' id='word_1_390' title='bbox 586 4234 617 4284; x_wconf 86' lang='grc'>18</span> <span class='ocrx_word' id='word_1_391' title='bbox 636 4233 758 4286; x_wconf 89' lang='lat' dir='ltr'>iudicum</span> <span class='ocrx_word' id='word_1_392' title='bbox 776 4233 925 4286; x_wconf 77' lang='lat' dir='ltr'>Beroaldus</span> <span class='ocrx_word' id='word_1_393' title='bbox 948 4233 1082 4285; x_wconf 88' lang='lat' dir='ltr'>iudicium</span> <span class='ocrx_word' id='word_1_394' title='bbox 1100 4234 1217 4295; x_wconf 67' lang='lat' dir='ltr'>Ebpre</span> <span class='ocrx_word' id='word_1_395' title='bbox 1269 4231 1373 4282; x_wconf 85' lang='lat' dir='ltr'>tenuis·</span> 
     </span>
     <span class='ocr_line' id='line_1_42' title="bbox 171 4299 1372 4372; baseline -0.004 -18"><span class='ocrx_word' id='word_1_396' title='bbox 171 4300 246 4372; x_wconf 88' lang='lat' dir='ltr'>sent]</span> <span class='ocrx_word' id='word_1_397' title='bbox 265 4303 303 4353; x_wconf 77' lang='lat' dir='ltr'>Ar</span> <span class='ocrx_word' id='word_1_398' title='bbox 320 4303 529 4355; x_wconf 86' lang='lat' dir='ltr'>rennuisseutr</span> <span class='ocrx_word' id='word_1_399' title='bbox 615 4299 723 4371; x_wconf 88' lang='lat' dir='ltr'>omnes]</span> <span class='ocrx_word' id='word_1_400' title='bbox 744 4303 838 4354; x_wconf 83' lang='lat' dir='ltr'>omnia</span> <span class='ocrx_word' id='word_1_401' title='bbox 854 4305 897 4366; x_wconf 79' lang='lat' dir='ltr'>Dp</span> <span class='ocrx_word' id='word_1_402' title='bbox 983 4305 1214 4368; x_wconf 72' lang='lat' dir='ltr'>composueram</span> <span class='ocrx_word' id='word_1_403' title='bbox 1232 4302 1260 4349; x_wconf 77' lang='grc'>11</span> <span class='ocrx_word' id='word_1_404' title='bbox 1340 4303 1372 4350; x_wconf 82' lang='grc'>21</span> 
     </span>
     <span class='ocr_line' id='line_1_43' title="bbox 171 4369 1373 4436; baseline -0.002 -15"><span class='ocrx_word' id='word_1_405' title='bbox 171 4373 305 4424; x_wconf 85' lang='lat' dir='ltr'>maiorem</span> <span class='ocrx_word' id='word_1_406' title='bbox 323 4373 456 4423; x_wconf 70' lang='lat' dir='ltr'>tamenn</span> <span class='ocrx_word' id='word_1_407' title='bbox 527 4371 642 4422; x_wconf 87' lang='lat' dir='ltr'>cornelii</span> <span class='ocrx_word' id='word_1_408' title='bbox 660 4375 745 4436; x_wconf 80' lang='lat' dir='ltr'>Dprs.</span> <span class='ocrx_word' id='word_1_409' title='bbox 814 4373 847 4422; x_wconf 83' lang='lat'>22</span> <span class='ocrx_word' id='word_1_410' title='bbox 870 4373 1006 4422; x_wconf 80' lang='lat' dir='ltr'>narrabat</span> <span class='ocrx_word' id='word_1_411' title='bbox 1023 4371 1129 4421; x_wconf 87' lang='lat' dir='ltr'>sedisse</span> <span class='ocrx_word' id='word_1_412' title='bbox 1147 4385 1241 4420; x_wconf 87' lang='lat' dir='ltr'>seeum</span> <span class='ocrx_word' id='word_1_413' title='bbox 1261 4369 1373 4420; x_wconf 84' lang='lat' dir='ltr'>Circen·</span> 
     </span>
    </p>

    <p class='ocr_par' dir='ltr' id='par_1_8' title="bbox 144 4437 1374 4715">
     <span class='ocr_line' id='line_1_44' title="bbox 144 4437 1374 4506; baseline -0.002 -16"><span class='ocrx_word' id='word_1_414' title='bbox 144 4487 146 4490; x_wconf 10' lang='grc' dir='ltr'><em>Α</em></span> <span class='ocrx_word' id='word_1_415' title='bbox 171 4439 247 4491; x_wconf 89' lang='lat' dir='ltr'>sibus</span> <span class='ocrx_word' id='word_1_416' title='bbox 266 4442 398 4506; x_wconf 81' lang='lat' dir='ltr'>proximis</span> <span class='ocrx_word' id='word_1_417' title='bbox 417 4441 538 4506; x_wconf 88' lang='lat' dir='ltr'>equitem</span> <span class='ocrx_word' id='word_1_418' title='bbox 557 4441 608 4491; x_wconf 81' lang='lat' dir='ltr'>lto.</span> <span class='ocrx_word' id='word_1_419' title='bbox 635 4441 741 4491; x_wconf 79' lang='lat' dir='ltr'>hunos</span> <span class='ocrx_word' id='word_1_420' title='bbox 767 4441 902 4491; x_wconf 86' lang='lat' dir='ltr'>narrabat</span> <span class='ocrx_word' id='word_1_421' title='bbox 928 4441 1035 4491; x_wconf 88' lang='lat' dir='ltr'>sedisse</span> <span class='ocrx_word' id='word_1_422' title='bbox 1053 4437 1223 4490; x_wconf 87' lang='lat' dir='ltr'>circensibus</span> <span class='ocrx_word' id='word_1_423' title='bbox 1242 4437 1374 4503; x_wconf 84' lang='lat' dir='ltr'>proximis</span> 
     </span>
     <span class='ocr_line' id='line_1_45' title="bbox 172 4506 1373 4577; baseline -0.002 -19"><span class='ocrx_word' id='word_1_424' title='bbox 172 4523 214 4573; x_wconf 86' lang='lat' dir='ltr'>eq.</span> <span class='ocrx_word' id='word_1_425' title='bbox 234 4508 267 4562; x_wconf 83' lang='lat' dir='ltr'>R.</span> <span class='ocrx_word' id='word_1_426' title='bbox 286 4509 428 4576; x_wconf 87' lang='lat' dir='ltr'>(proximis</span> <span class='ocrx_word' id='word_1_427' title='bbox 447 4509 520 4576; x_wconf 89' lang='lat' dir='ltr'>equi.</span> <span class='ocrx_word' id='word_1_428' title='bbox 539 4525 578 4560; x_wconf 88' lang='lat' dir='ltr'>ro.</span> <span class='ocrx_word' id='word_1_429' title='bbox 597 4525 613 4573; x_wconf 91' lang='lat' dir='ltr'>p</span> <span class='ocrx_word' id='word_1_430' title='bbox 632 4511 785 4577; x_wconf 87' lang='lat' dir='ltr'>proximum</span> <span class='ocrx_word' id='word_1_431' title='bbox 803 4525 846 4575; x_wconf 88' lang='lat' dir='ltr'>eq.</span> <span class='ocrx_word' id='word_1_432' title='bbox 865 4511 897 4560; x_wconf 89' lang='lat' dir='ltr'>R.</span> <span class='ocrx_word' id='word_1_433' title='bbox 910 4507 934 4571; x_wconf 85' lang='lat' dir='ltr'>r)</span> <span class='ocrx_word' id='word_1_434' title='bbox 954 4509 1026 4559; x_wconf 87' lang='lat' dir='ltr'>hunc</span> <span class='ocrx_word' id='word_1_435' title='bbox 1038 4510 1101 4571; x_wconf 80' lang='lat' dir='ltr'>Dpr</span> <span class='ocrx_word' id='word_1_436' title='bbox 1122 4508 1255 4559; x_wconf 83' lang='lat' dir='ltr'>narrabat</span> <span class='ocrx_word' id='word_1_437' title='bbox 1267 4506 1373 4558; x_wconf 88' lang='lat' dir='ltr'>sedisse</span> 
     </span>
     <span class='ocr_line' id='line_1_46' title="bbox 171 4574 1374 4645; baseline -0.002 -19"><span class='ocrx_word' id='word_1_438' title='bbox 171 4591 202 4626; x_wconf 89' lang='lat' dir='ltr'>se</span> <span class='ocrx_word' id='word_1_439' title='bbox 221 4591 283 4627; x_wconf 87' lang='lat' dir='ltr'>eum</span> <span class='ocrx_word' id='word_1_440' title='bbox 302 4579 419 4645; x_wconf 86' lang='lat' dir='ltr'>quodam</span> <span class='ocrx_word' id='word_1_441' title='bbox 448 4579 621 4630; x_wconf 89' lang='lat' dir='ltr'>circensibus</span> <span class='ocrx_word' id='word_1_442' title='bbox 648 4581 781 4645; x_wconf 87' lang='lat' dir='ltr'>proximis</span> <span class='ocrx_word' id='word_1_443' title='bbox 808 4579 881 4628; x_wconf 90' lang='lat' dir='ltr'>hunc</span> <span class='ocrx_word' id='word_1_444' title='bbox 899 4579 926 4626; x_wconf 79' lang='lat'>21</span> <span class='ocrx_word' id='word_1_445' title='bbox 953 4577 1088 4629; x_wconf 79' lang='lat' dir='ltr'>narrabat</span> <span class='ocrx_word' id='word_1_446' title='bbox 1105 4576 1179 4628; x_wconf 90' lang='lat' dir='ltr'>enim</span> <span class='ocrx_word' id='word_1_447' title='bbox 1197 4574 1374 4628; x_wconf 85' lang='lat' dir='ltr'>Circensibus</span> 
     </span>
     <span class='ocr_line' id='line_1_47' title="bbox 172 4642 754 4715; baseline 0.014 -20"><span class='ocrx_word' id='word_1_448' title='bbox 172 4642 280 4696; x_wconf 76' lang='lat' dir='ltr'>sedisse</span> <span class='ocrx_word' id='word_1_449' title='bbox 294 4648 448 4712; x_wconf 86' lang='lat' dir='ltr'>proximum</span> <span class='ocrx_word' id='word_1_450' title='bbox 467 4647 556 4715; x_wconf 83' lang='lat' dir='ltr'>equiti</span> <span class='ocrx_word' id='word_1_451' title='bbox 574 4648 627 4706; x_wconf 81' lang='lat' dir='ltr'>Ro.</span> <span class='ocrx_word' id='word_1_452' title='bbox 644 4647 719 4702; x_wconf 90' lang='lat' dir='ltr'>hunc</span> <span class='ocrx_word' id='word_1_453' title='bbox 737 4662 754 4708; x_wconf 85' lang='grc' dir='ltr'><strong>ς</strong></span> 
     </span>
    </p>
   </div>
   <div class='ocr_carea' id='block_1_8' title="bbox 0 0 1478 4966">
    <p class='ocr_par' dir='ltr' id='par_1_9' title="bbox 0 0 1478 4966">
     <span class='ocr_line' id='line_1_48' title="bbox 0 0 1478 4966; baseline 0 0"><span class='ocrx_word' id='word_1_454' title='bbox 0 0 1478 4966; x_wconf 95' lang='lat' dir='ltr'> </span> 
     </span>
    </p>
   </div>
  </div>
 </body>
</html>
