2934 4966
217 269 278 334 144
463 256 465 260 ’
742 283 774 335 c.
796 285 894 336 amur

214 440 261 505 ita
275 441 396 505 natura
410 442 644 525 comparatum,
667 442 704 505 ut
719 437 804 505 nihil
825 460 926 526 aeque
948 460 1090 506 amorem
1111 439 1231 507 incitet
1251 443 1287 507 et
1306 462 1425 509 accen·

214 540 270 605 dat
291 563 389 627 quam
412 541 544 608 carendi
564 544 680 626 metus,
704 561 801 627 quem
822 562 885 629 ego
905 563 965 628 pro
987 542 1051 609 boc
1076 564 1144 609 non
1174 543 1276 619 semel
1302 545 1422 630 patior.

183 642 290 709 tinam
312 647 389 709 ante
411 643 535 730 aliquot
565 663 685 729 anuos,
714 643 790 709 dum
812 644 939 711 intente
966 643 1193 732 instanterque
1212 647 1422 733 pronuntiat,

213 746 406 832 sauguinem
433 745 546 811 reiecit
567 749 663 831 atcpue
683 745 725 811 ob
745 745 808 812 hoc
828 746 864 812 in
880 747 1068 832 Aegyptum
1088 746 1207 813 missus
1228 769 1250 813 a
1270 769 1325 815 me
1347 752 1424 836 post

212 847 345 934 longam
371 847 668 934 peregrinationem
696 848 905 915 confirmatus
933 847 1031 914 rediit
1050 870 1171 935 nuper;
1199 849 1317 917 deiude
1344 851 1448 917 dume

174 996 177 1001 -
213 971 271 1035 per
287 951 464 1017 continuos
486 949 555 1015 dies
576 950 674 1017 nimis
701 951 842 1037 imperat
862 951 951 1036 voci,
979 951 1098 1017 veteris
1123 951 1327 1019 infirmitatis
1352 957 1422 1021 tua·

184 1051 316 1119 ‘isicula
343 1052 528 1119 admonitus
554 1073 666 1145 rursus
686 1053 882 1139 sauguinem
902 1053 1051 1120 reddidit.
1096 1076 1160 1141 qua
1181 1076 1344 1122 excausa
1365 1056 1421 1123 de·

211 1155 333 1222 stiuari
366 1177 440 1221 eum
472 1155 601 1220 mittere
629 1155 666 1221 iu
697 1153 829 1249 praedia
855 1158 929 1241 tua,
957 1177 1040 1242 quae
1061 1155 1145 1222 Foro
1166 1156 1232 1223 Iuli
1258 1158 1417 1244 possides.

211 1257 318 1323 audivi
347 1258 435 1323 enim
462 1262 496 1322 te
524 1277 621 1344 saepe
648 1257 844 1324 referentem
871 1278 942 1323 esse
968 1257 1016 1323 ibi
1044 1260 1078 1324 et
1099 1264 1175 1325 aira
1196 1251 1362 1349 salubrem
1384 1265 1419 1327 et
1453 1323 1456 1327 .

180 1359 261 1426 8lac
283 1360 351 1426 eius
373 1359 460 1425 modi
482 1358 704 1424 curationibus
725 1358 1104 1427 accommodatissimum.
1134 1382 1215 1449 rogo
1235 1383 1316 1449 ergo
1337 1363 1417 1430 scri-
1430 1382 1454 1425 a

198 1463 268 1552 bas
289 1440 355 1528 tuis
376 1465 414 1528 ut
435 1460 484 1527 illi
505 1459 594 1546 villa,
617 1464 655 1526 ut
676 1460 790 1527 domus
811 1464 934 1548 pateat,
954 1460 1095 1531 offerant
1115 1455 1214 1531 etiam
1228 1463 1416 1551 sumptibus

43 1620 46 1625 .
79 1546 95 1666 η’
179 1565 287 1651 isius,
304 1562 415 1663 siquid
436 1585 517 1650 opus
539 1562 616 1648 erit3
643 1553 710 1658 erit·
732 1566 840 1630 autem
861 1585 943 1652 opus
968 1561 1129 1656 modium
1151 1568 1202 1632 est
1228 1567 1317 1647 enim
1342 1570 1414 1635 tam
1446 1561 1449 1566 ’

207 1687 325 1752 parcus
347 1669 380 1733 et
403 1664 590 1750 continens,
619 1668 656 1730 ut
677 1686 744 1747 non
769 1665 873 1731 solum
894 1666 1027 1733 delicias
1049 1669 1281 1753 verumetiam
1301 1690 1415 1737 neees-

169 1799 172 1804 ·
208 1769 322 1835 sitates
343 1766 538 1833 valetudinis
559 1767 752 1855 frugalitate
773 1768 960 1856 restringat
1003 1790 1065 1856 ego
1090 1770 1312 1857 proficiscenti
1336 1774 1413 1840 tan·

206 1875 277 1938 tum
300 1869 410 1937 viatici
430 1869 525 1954 dabo,
547 1872 714 1960 quantum
727 1869 871 1937 sufficiat
891 1871 983 1937 eunti
1002 1872 1040 1939 in
1059 1874 1137 1938 tua.¹
1172 1872 1280 1940 vales
1424 1893 1451 1937 ιι

768 2034 850 2107 XX(
897 2053 899 2056 ’

463 2187 469 2195 ·
579 2162 612 2217 c.
630 2162 781 2218 numus
798 2162 985 2244 unsopsuo
1005 2164 1062 2238 s..

177 2287 193 2349 1
290 2282 412 2350 ltemm
440 2280 592 2369 Bithyni:
624 2281 720 2347 breve
753 2284 881 2367 tempus
914 2279 1043 2347 alulio
1071 2278 1193 2368 Basso,
1226 2286 1261 2349 et
1286 2281 1412 2351 Rufum

91 2380 98 2413 ²
196 2384 370 2466 ⁸Varenum
397 2381 623 2470 proconsulem
651 2381 850 2469 detulerunt,
876 2380 1060 2471 Varenum,
1084 2404 1194 2471 ¹quem
1221 2383 1329 2471 nuper
1352 2385 1412 2478 ad-

174 2488 316 2555 irersus
338 2485 476 2554 Bassum
497 2486 688 2552 advocmum
710 2489 744 2551 et
765 2483 971 2571 postularant
991 2488 1026 2551 et
1046 2489 1253 2572 acceperant.
1282 2480 1452 2555 inductiec

168 2658 172 2665 ,
203 2593 239 2658 in
261 2592 411 2657 senatum
432 2588 675 2675 inquisitionem
696 2587 952 2674 postulaverunt.
997 2585 1148 2655 Varenus
1166 2589 1267 2675 petiit
1285 2593 1324 2656 ut
1343 2590 1409 2657 sibi

203 2713 330 2780 quoque
363 2690 560 2757 defensionis
593 2711 691 2756 causa
725 2710 858 2755 evocare
887 2692 989 2755 testes
1020 2690 1148 2759 liceret:
1181 2684 1409 2760 recusantibus

203 2794 357 2883 Bithynis
373 2793 516 2880 cognitio
531 2796 682 2879 suscepta
703 2796 761 2858 est.
792 2792 846 2878 egi
867 2811 926 2878 pro
946 2788 1076 2859 Vareno
1097 2814 1166 2859 non
1185 2793 1256 2860 siue
1271 2798 1409 2863 eventu:

202 2995 404 3006 ——-—--—--

179 3171 183 3176 ·
270 3138 408 3209 ipatiar]
429 3141 538 3203 iacicp
607 3136 716 3207 inam]
735 3138 831 3190 nonii
900 3136 1012 3205 aliquod
1029 3141 1058 3188 Ι
1125 3140 1320 3204 pronuntiaret
1334 3154 1373 3199 rs

201 3211 364 3262 traiicitr
432 3209 520 3274 edque
537 3208 565 3256 n
634 3206 756 3259 trediit
773 3209 862 3263 birca
883 3206 957 3256 redit
971 3204 1017 3270 ilp
1084 3208 1267 3260 tcontlunos
1284 3222 1342 3273 pre
1360 3226 1406 3262 co-

201 3279 295 3332 tiuuoe
311 3281 334 3329 Β
353 3277 552 3329 cotidianos!
650 3276 731 3325 nimis
749 3291 796 3327 om.
815 3276 878 3339 iipr
973 3272 1102 3341 imperat’
1124 3275 1190 3327 uoci
1205 3278 1229 3327 Β
1250 3277 1406 3345 imperatus

200 3349 298 3411 uocis
367 3345 558 3399 'ladmuuitus
575 3347 624 3395 lia
642 3344 803 3395 admonetur
819 3345 887 3406 Βρς
904 3341 1100 3394 admoneturr
1176 3358 1271 3396 rursus
1289 3348 1405 3413 ungui·

200 3432 264 3468 uem
282 3413 401 3467 reddidit
417 3415 508 3469 lires
526 3428 609 3464 ausus
627 3412 792 3478 sauguinem
811 3411 903 3462 reddit
923 3413 968 3475 iip
1081 3411 1099 3461 8
1115 3409 1256 3483 possides]
1274 3415 1406 3480 poesised

199 3487 227 3535 H
313 3486 330 3535 9
348 3483 413 3533 aridi
430 3484 453 3532 Β
533 3497 597 3533 esse
615 3482 655 3532 ibi
674 3485 703 3531 et
720 3495 788 3531 esra
805 3482 882 3530 utne
898 3494 960 3531 esse
979 3480 1033 3529 tibi
1052 3494 1120 3530 sera
1136 3494 1154 3544 p
1170 3496 1233 3532 esec
1247 3481 1290 3532 ibi
1308 3498 1404 3535 serem

199 3565 235 3610 re
303 3551 438 3603 salubrem
457 3555 486 3602 et
503 3550 533 3601 in
549 3550 632 3601 buius
649 3550 757 3600 modia
839 3552 870 3600 10
887 3548 1228 3600 accommoditatissimum
1246 3551 1275 3600 Ι
1291 3565 1419 3603 eccum.

200 3620 389 3673 modissimum
407 3620 430 3668 Β
500 3620 532 3669 11
550 3623 582 3670 ut
600 3620 695 3669 domus
712 3618 787 3666 lille
803 3623 834 3668 ut
851 3616 893 3667 illi
912 3616 1037 3679 domuep
1054 3616 1096 3667 illi
1112 3616 1256 3675 domuere
1327 3622 1361 3671 12
1378 3621 1404 3671 si

200 3688 272 3756 quod
289 3691 356 3753 Βιις
425 3682 532 3753 autem]
552 3687 650 3738 enimi·
736 3692 792 3736 tam
811 3701 859 3739 om.
879 3698 915 3749 pr
995 3688 1027 3735 14
1045 3685 1241 3752 frugalitatem
1257 3688 1300 3737 Dr
1372 3690 1405 3740 lb

268 3757 392 3810 sufficiat
409 3756 488 3807 eunti
503 3757 532 3805 li
550 3754 653 3807 suffieit
671 3760 700 3804 et
718 3755 797 3805 eunti
812 3756 876 3818 iipr
893 3752 998 3804 suflicit
1016 3758 1094 3805 eunti
1109 3768 1128 3804 e

220 3906 223 3910 ·
266 3894 316 3946 XX
344 3897 376 3946 18
402 3894 505 3944 iterum
530 3891 640 3956 bithyni
667 3891 750 3941 breue
776 3895 886 3956 tempus
907 3892 991 3952 upra
1017 3888 1114 3940 Fieret
1139 3891 1168 3942 in
1187 3891 1304 3959 bytbeui
1322 3893 1405 3945 breui

198 3968 305 4030 tempus
322 3965 350 4013 H
376 3962 478 4014 Iterum
497 3961 613 4025 Bytbiui
639 3964 701 4025 post
727 3961 812 4010 breue
839 3964 949 4024 tempus
969 3958 1127 4012 coronaeus:
1157 3961 1267 4014 Parieti
1284 3961 1404 4026 Bithyni

197 4033 280 4085 breue
299 4040 421 4098 tempus3
442 4047 459 4080 a
477 4029 549 4080 Iulio
569 4030 657 4079 basso
677 4028 777 4078 linium
797 4027 965 4079 Alorrmaenue
1034 4025 1072 4092 et]
1092 4029 1179 4081 etiam
1199 4029 1347 4082 Calaureae

172 4144 176 4153 .
197 4102 295 4153 rufium
312 4105 377 4165 Dpe
481 4100 512 4149 19
540 4096 731 4162 proconsulem
755 4095 911 4145 detulerunt
928 4107 987 4150 rsa
1013 4096 1178 4160 proconsule
1202 4096 1403 4149 tetulerunt!

112 4194 115 4199 ⁴
197 4186 276 4237 quem
295 4167 488 4237 proconsulem
507 4166 668 4217 detulerunt
685 4179 702 4228 p
728 4179 806 4229 quem
825 4163 1015 4230 proconsulem
1033 4164 1191 4217 detulerunt
1207 4166 1401 4230 proconsulem

196 4238 394 4291 detuleruntil
416 4242 419 4247 ’
463 4250 552 4299 nuper
569 4251 617 4288 oni.
637 4236 700 4297 ilpr
784 4235 818 4284 20
836 4232 1003 4284 advocatum
1020 4248 1102 4297 σιω
1187 4236 1220 4285 er
1238 4233 1401 4300 postulaue-

196 4315 260 4359 runt
278 4314 335 4358 tum
354 4321 474 4358 serenus
492 4304 556 4366 Dpr
643 4305 714 4369 petit
731 4303 848 4363 {Dera
946 4304 978 4352 22
1002 4317 1111 4369 quoque
1128 4305 1214 4359 Βτςι
1231 4302 1355 4369 undique
1373 4307 1403 4356 Ι

196 4390 277 4441 quom
295 4390 324 4440 p:
343 4378 378 4442 es.
401 4376 442 4426 VI
460 4376 503 4437 29,
523 4375 555 4422 11
643 4386 729 4422 cause
748 4385 866 4421 euocare
884 4373 956 4426 lea
974 4386 1076 4423 causae
1094 4387 1196 4423 uocare
1213 4385 1230 4434 p
1248 4387 1334 4425 cause
1353 4388 1401 4424 uo·

197 4459 262 4496 care
280 4447 303 4495 Β
320 4459 409 4496 causa
427 4457 528 4494 trooare
546 4456 560 4489 r
645 4442 678 4492 23
697 4441 744 4507 egi
761 4453 809 4506 pro
828 4439 895 4494 Ιις
918 4441 965 4507 egi
985 4456 1036 4507 ego
1055 4456 1105 4508 pro
1122 4457 1140 4490 a
1158 4442 1184 4492 ei
1202 4456 1251 4506 pro
1268 4442 1312 4505 lip

188 4581 247 4617 uon
264 4566 327 4618 sine
344 4566 436 4624 Ιιςι
454 4581 508 4618 non
527 4563 583 4615 nisi
600 4565 643 4626 Dp
712 4521 813 4613 eueutli
831 4560 859 4608 li
