2934 4966
184 269 227 338 76
705 286 739 336 c.
760 286 860 336 rum

183 446 336 510 neutrum
360 440 564 527 impetrarit,
592 444 723 507 coactus
749 445 802 507 cst
827 438 941 507 statim
965 440 1178 526 respondere3
1207 436 1396 524 respondit,

115 584 135 613 ·.
185 545 308 612 mulum
327 565 526 631 pravumque
546 544 717 630 ingenium
736 542 879 609 hominis
896 542 981 610 facit
999 548 1039 609 ut
1058 542 1205 625 dubitem
1225 540 1398 609 confiden-

133 652 236 723 33ter
263 669 308 713 an
334 650 537 731 constanter,
566 651 653 713 certe
679 645 893 732 paratissime.
926 646 1055 713 obiecta
1080 649 1161 711 sunt
1179 644 1286 711 multa
1307 666 1398 731 quae

184 750 290 836 megis
303 770 401 835 quam
414 750 649 835 praevaricatio
669 752 867 835 nocuerunt,
886 750 968 836 quin
988 749 1089 816 etiam
1108 748 1174 813 duo
1194 744 1398 825 wnsulares,

185 851 385 939 Pomponius
398 850 505 917 Rufus
525 855 560 917 et
572 851 655 917 Libo
668 851 780 939 Frugi,
801 850 969 919 laeserunt
988 874 1064 918 eum
1082 848 1284 932 testimonio,
1307 852 1426 919 tam-s

184 977 281 1042 qnam
302 954 388 1041 apud
408 954 548 1021 indicem
569 955 631 1020 sub
651 952 841 1021 Domitiano
861 953 952 1022 Salvi
964 953 1126 1021 liberalis
1146 950 1397 1018 :munem

134 1057 354 1132 34adfuisset.
389 1056 564 1123 damnatus
593 1060 629 1123 et
658 1058 697 1124 in
721 1057 864 1125 insulam
888 1057 1054 1147 relegates·
1079 1059 1142 1123 est
1175 1057 1288 1141 itaquo
1317 1074 1398 1121 eum

185 1159 317 1228 Castam
338 1181 535 1242 accusarem,
556 1159 642 1225 nihil
661 1161 897 1247 magispressi,
916 1158 1116 1248 quarnqnod
1136 1156 1398 1226 accusatoreius

185 1262 474 1350 praevaricationis
495 1262 632 1329 crimine
652 1263 836 1329 sonuisset
863 1263 969 1350 pressi
981 1266 1096 1329 tamen
1106 1262 1249 1329 frustra:
1269 1257 1399 1327 accidit

186 1365 274 1431 enim
294 1386 347 1431 res
369 1365 533 1430 contraria
553 1369 588 1431 et
605 1386 709 1446 nora,
729 1368 769 1431 ut
788 1369 977 1433 accusatore
997 1362 1287 1453 praevaricationis
1301 1364 1396 1431 dum-
1409 1388 1438 1431 ιι

134 1470 265 1539 donato
296 1488 354 1532 rea
384 1467 614 1533 absolveretur.
649 1467 779 1553 quaeris
797 1468 886 1555 ¹qnid
904 1490 981 1554 uos,
1007 1469 1085 1535 dum
1109 1467 1194 1537 haee
1219 1464 1413 1555 aganus?-

184 1569 398 1636 indieasimus
424 1572 554 1636 senatui
574 1592 615 1636 er
635 1569 793 1638 Norbano
819 1571 970 1638 didicisse
988 1593 1051 1638 nos
1071 1570 1238 1657 publicam
1258 1590 1398 1636 canem

185 1694 361 1759 rursusqua
386 1671 504 1739 debere
530 1695 571 1739 er
597 1674 729 1760 integro
753 1666 896 1760 discere,
920 1676 951 1740 si
975 1674 1034 1741 ille
1053 1674 1299 1761 praenrioator
1317 1695 1397 1761 pto-

187 1776 331 1860 baretur,
354 1778 452 1862 atoue
472 1775 537 1860 ita,
560 1776 637 1841 dnm
650 1776 707 1842 ille
719 1777 890 1864 peragitur
901 1798 987 1861 mus,
1008 1777 1166 1843 sedimusz
1179 1779 1294 1863 postea
1306 1775 1395 1843 Nor·

104 1908 107 1912 ¹
186 1878 290 1944 banus
311 1878 462 1944 omnibus
482 1878 596 1944 diebus
616 1880 815 1966 cognitionis
835 1880 986 1947 interfuit
1002 1880 1206 1967 eandemque
1222 1900 1328 1966 usque
1349 1879 1435 1945 red-s

135 1983 368 2050 soexuemum
389 1981 440 2047 vel
462 1982 682 2047 constantiam
702 1982 754 2049 vel
768 1982 936 2049 audaciam
956 1982 1102 2069 pertulit
1130 1982 1300 2069 interrogo
1319 1981 1396 2068 ipse

186 2106 239 2151 me
260 2106 304 2150 en
325 2082 447 2171 aliquid
468 2084 779 2169 omiserimrursus,
807 2089 841 2151 et
866 2107 978 2153 rursus
1003 2106 1109 2173 paene
1128 2085 1235 2151 omisi.
1264 2106 1395 2151 summo

41 2189 46 2195 ’
184 2184 388 2263 die.Salrius
408 2185 569 2252 liberalis
584 2186 736 2274 reliquos
761 2187 890 2274 legatos
921 2190 1068 2275 graviter
1098 2187 1276 2274 increpuit,
1308 2190 1396 2253 tam·

126 2324 130 2329 ·
187 2311 285 2375 quam
315 2311 383 2356 nou
415 2311 527 2356 omnes
555 2312 634 2375 quos
660 2289 847 2371 mandasset
873 2290 1042 2377 prouincia
1071 2311 1146 2355 reos
1175 2288 1394 2377 peregissent,

44 2402 55 2413 '
187 2395 301 2479 atque,
324 2394 363 2457 ut
382 2395 433 2457 est
454 2388 628 2458 vehemens
654 2395 689 2458 et
709 2393 865 2477 disertus,
887 2393 930 2485 iu¹
945 2392 1121 2459 discrimen
1143 2392 1288 2459 adduxit.
1318 2412 1435 2479 prom
1462 2454 1466 2461 ,

185 2495 254 2561 teri
274 2495 361 2560 viros
382 2494 520 2581 optimos
542 2494 734 2581 eosdemque
754 2495 975 2582 gratissimos:
1001 2494 1082 2561 mihi
1108 2498 1198 2561 eerte
1218 2493 1335 2561 debere
1357 2516 1395 2561 se

84 2660 87 2664 .
135 2597 379 2684 3'1praedieant
409 2596 494 2683 quod
526 2597 618 2663 illum
648 2599 814 2665 turbinem
841 2598 1016 2663 eraserint
1050 2597 1106 2664 hie
1136 2598 1200 2664 erit
1232 2596 1394 2683 epistulae

186 2699 280 2785 finis,
302 2722 339 2767 re
360 2721 438 2766 vera
458 2700 549 2784 finis,
571 2699 714 2766 litteram
734 2721 803 2767 nou
824 2700 957 2786 addam,
986 2698 1115 2767 etiamsi
1141 2698 1247 2766 adhue
1268 2698 1395 2786 aliquid

95 2873 98 2879 ,
186 2804 380 2891 praeterisse
400 2824 452 2869 me
473 2824 614 2869 sensero.
645 2804 727 2869 vale.
804 2890 812 2903 ‚
1223 2858 1226 2863 .

748 2974 813 3041 ·X.
841 2901 887 3043 U
1205 2990 1211 3000 “
1405 3002 1434 3044 rs

273 3098 306 3154 o.
322 3062 472 3150 runuus
490 3097 687 3150 vssrmoro
705 3097 916 3151 sarnensis
934 3095 1006 3149 suo
1029 3097 1078 3148 nr
1096 3096 1258 3149 corrue
1276 3095 1305 3149 s.

160 3220 178 3289 1
249 3274 253 3281 .
275 3215 499 3302 Composuisse
514 3237 565 3281 me
579 3215 737 3302 quaedam
758 3215 799 3280 de
819 3215 888 3280 filio
909 3217 1017 3279 vestro
1030 3234 1099 3279 non
1112 3213 1180 3279 dixi
1195 3213 1296 3299 vobis,
1317 3236 1394 3281 eum

188 3318 334 3406 proxime
363 3317 448 3404 apud
469 3338 526 3383 voe
547 3318 610 3402 fui,
639 3319 779 3405 primurn
806 3318 978 3404 quianon
1009 3315 1082 3381 ideo
1115 3315 1325 3403 scripseram,
1354 3322 1395 3385 ut

189 3421 340 3506 dicerem,
362 3420 419 3487 sed
433 3424 471 3486 ut
484 3441 556 3487 meo
571 3420 683 3507 amori,
706 3442 779 3487 meo
794 3420 895 3486 dolori
917 3418 1156 3503 satisfacerem
1177 3418 1295 3487 deinde
1315 3419 1395 3507 quia

257 3755 274 3803 2
292 3767 463 3819 paruumque
475 3753 498 3800 B
549 3754 566 3802 3
579 3767 615 3802 aa
627 3752 749 3807 Vince
766 3767 800 3802 ao
812 3753 869 3814 lp,
888 3768 936 3804 eae.
949 3763 965 3799 r
1015 3751 1032 3800 5
1044 3754 1073 3798 et
1084 3747 1262 3813 libovl'pra
1278 3755 1310 3803 et
1320 3749 1395 3804 libro

189 3824 218 3872 Ι
235 3822 356 3873 edibon
408 3820 526 3871 6saluii
544 3821 626 3882 rpn
685 3820 746 3870 *tin
764 3821 887 3871 ors.1V
937 3815 1316 3883 Saccrrsatorlaceuaatiop
1361 3824 1396 3873 lo

189 3897 221 3941 ut
239 3906 373 3942 accusare
391 3890 415 3939 V
483 3889 614 3939 damnato
633 3888 720 3938 Casta
737 3903 817 3940 rear
884 3890 916 3938 11
934 3903 984 3937 ree
1002 3884 1157 3936 solueretur
1172 3889 1215 3951 tp
1271 3894 1397 3955 aguntur

189 3959 288 4013 baeer
340 3961 371 4009 12
384 3974 481 4008 nos-
496 3958 646 4008 lssdiscere
663 3959 690 4006 in
707 3974 788 4024 aurp.
804 3959 867 4008 edd.
884 3957 908 4006 V
961 3956 993 4005 14
1006 3954 1162 4019 sequerer
1215 3958 1248 4008 1⁶
1265 3956 1394 4008 undem:

191 4028 281 4093 quel)
301 4027 397 4079 eadem
415 4042 430 4077 r
508 4028 539 4077 m
557 4040 652 4076 rursus
669 4028 759 4090 priore
776 4029 834 4078 loco
851 4042 899 4076 ore.
916 4039 931 4073 r
1016 4037 1121 4072 summo
1138 4023 1184 4075 die
1201 4041 1249 4078 on.
1266 4025 1324 4074 lv

192 4098 223 4147 18
242 4096 456 4163 inerepsuitnr
526 4097 558 4145 19
576 4110 631 4145 nou
650 4111 697 4145 om.
716 4095 757 4143 Ι·
813 4097 846 4146 20
864 4093 998 4159 adque!
1061 4092 1217 4156 proteritp
1285 4096 1318 4143 21
1331 4109 1395 4145 eoa-

190 4179 276 4230 qner
344 4167 377 4215 22
396 4161 480 4229 quod]
501 4169 557 4226 etp
641 4166 695 4214 erit
712 4165 798 4214 orer
866 4165 900 4214 23
919 4176 949 4211 re
967 4175 1035 4210 vera
1052 4159 1116 4209 tinia
1133 4173 1212 4222 orep
1244 4220 1247 4225 Α
1281 4162 1396 4214 etiamsi

191 4232 281 4283 adhuc
307 4232 412 4352 slilquid
428 4235 526 4282 Urs
551 4233 663 4303 etiarnsi
690 4233 796 4298 aliquid
823 4231 914 4282 adhue
939 4230 982 4292 Ἑρ
1009 4229 1095 4278 etiarn
1122 4228 1214 4280 adhue
1240 4228 1349 4295 aliquid
1372 4232 1396 4281 D

191 4302 302 4352 etiamsi
321 4305 358 4351 ai
379 4302 427 4354 uid
444 4315 461 4358 ς

259 4368 285 4419 X
302 4371 336 4421 26
355 4318 475 4421 destris.
494 4370 649 4435 Spurinnae
674 4371 860 4420 Riroordionus
882 4369 909 4417 in
931 4367 1031 4416 indice:
1056 4362 1253 4418 VESTRICIO
1270 4381 1320 4419 ore.
1338 4368 1397 4419 IV

190 4439 303 4501 rupte
372 4439 600 4491 SPURINAEI
670 4438 740 4489 SUO
759 4454 806 4490 om.
826 4438 891 4499 Dpr
960 4442 989 4485 et
1007 4434 1128 4485 Coccina
1146 4433 1306 4498 (Coeiaep)
1325 4450 1398 4488 suno

191 4520 228 4571 pr
245 4511 274 4557 et
291 4505 413 4559 Coccina
433 4521 458 4567 ς,
476 4508 565 4560 oeci
645 4504 774 4575 28quia]
796 4507 906 4572 quidem
924 4504 952 4553 Ι
1021 4498 1095 4571 ideo]
1116 4502 1169 4554 idis
1186 4503 1210 4552 D
1278 4504 1399 4557 scribae·

192 4590 251 4628 ram
268 4576 297 4624 Ι
