2934 4966
174 216 238 318 104Ι
414 279 417 283 <
697 262 730 315 c.
747 208 850 313 =rnuu
986 304 989 309 .

140 420 248 511 bqnia
268 419 445 489 severiores
467 418 569 509 (unde
590 417 727 509 enimi),
750 416 808 486 sed
828 418 906 505 quia
918 416 1098 487 timidiores
1112 438 1235 485 snmus
1255 414 1382 512 scimus

171 524 293 611 alioqui
313 524 409 590 huius
430 523 578 611 opusculi
610 522 703 589 illam
729 543 800 589 esse
821 522 1023 589 verissimam
1042 521 1168 611 legem,
1194 542 1297 609 quam
1319 518 1383 591 ce

28 624 34 635 '
76 620 78 624 ’
172 627 273 695 tullus
294 625 464 715 expressit,

40 732 44 739 '
374 751 454 796 nam
474 730 601 815 castum
621 748 692 795 esse
712 726 807 796 decet
825 726 917 815 pium
937 728 1066 813 poetam

375 830 494 919 ipsum,
516 830 692 897 versiculos
711 829 797 897 nihil
817 852 950 898 necesse
971 832 1032 914 est,
1073 884 1080 895 .

376 934 432 1022 qui
452 936 524 1001 turn
544 932 682 1019 denique
703 932 827 1000 banni
840 933 939 1000 salem
962 936 997 999 et
1017 932 1170 1019 leporem,

378 1038 506 1103 sisunt
526 1035 683 1103 molliculi
704 1023 875 1122 et'parum
894 1036 1016 1123 pudici.
1319 1092 1322 1098 .
1427 1075 1430 1079 -

96 1176 105 1186 ·
143 1138 235 1228 bego
262 1139 377 1228 quanti
403 1138 524 1206 faciam
545 1138 699 1206 iudicium
720 1142 831 1225 mum,
858 1138 912 1205 vel
933 1159 974 1205 ex
994 1137 1056 1205 boc
1076 1142 1170 1227 potes
1190 1137 1370 1207 αωὶίωιιτο
1401 1200 1404 1205 .
1431 1133 1435 1140 ’

174 1243 259 1328 quod
285 1241 386 1320 malni
412 1241 523 1308 omnia
550 1244 625 1307 ate
646 1241 804 1328 pensitari
826 1263 924 1327 quarn
945 1240 1050 1307 electa
1071 1241 1207 1309 laudari.
1241 1244 1277 1309 et
1298 1262 1383 1309 sane
1405 1261 1429 1315 J

173 1366 256 1431 quae
283 1347 361 1411 sunt
389 1344 648 1411 commodissima
675 1343 831 1411 desinunt
856 1342 974 1429 videri,
1002 1365 1077 1411 cunr
1098 1343 1191 1431 paria
1212 1364 1286 1411 esse
1309 1356 1420 1418 coe-lo

144 1445 303 1533 iperunt.
340 1449 508 1532 praeterea
535 1446 666 1533 sapiens
693 1445 885 1533 subtilisque
905 1444 1009 1513 lector
1034 1445 1131 1514 debet
1152 1469 1221 1514 non
1241 1445 1383 1513 diversis

176 1549 324 1616 conferre
346 1549 484 1634 diversa,
507 1549 563 1616 sed
577 1548 709 1637 singula
729 1548 911 1635 expendere
930 1568 993 1640 nec
1014 1547 1155 1633 deterius
1175 1549 1242 1617 alio
1260 1552 1393 1637 putare·
1422 1550 1425 1554 ’

144 1649 260 1739 8quod
286 1655 337 1719 est
363 1651 399 1718 in
426 1674 486 1719 sno
513 1673 633 1739 genere
660 1651 852 1738 perlectum.
869 1727 871 1731 ⁸
887 1650 944 1718 sed
960 1651 1044 1739 ¹quid
1070 1670 1132 1739 ego
1152 1650 1272 1740 plural
1300 1658 1382 1747 ndns

174 1755 274 1842 longa
294 1754 568 1842 praelationevel
592 1776 745 1822 excusare
766 1754 819 1823 vel
841 1755 1066 1823 commendare
1087 1756 1230 1843 ineptias
1242 1754 1381 1842 ineptis·

173 1857 291 1924 simum
311 1861 373 1924 est.
411 1880 514 1927 unum
535 1857 615 1924 illud
637 1856 888 1946 praedicendum
910 1858 1054 1943 ridetur,
1077 1858 1224 1946 cogitare
1244 1879 1298 1925 rne
1319 1858 1418 1946 has¹⁸

173 1983 279 2048 nugas
300 1962 350 2027 ita
369 1960 559 2045 inscribere,
581 1959 881 2047 hendecasyllabi,
904 1960 960 2047 qui
980 1960 1096 2028 titulus
1111 1946 1180 2033 sola
1193 1960 1293 2027 metri
1304 1958 1381 2047 lege

143 2061 421 2151 9constringitnr.
450 2063 585 2149 proinde
607 2064 673 2129 sive
695 2063 933 2150 epigrammata
946 2064 1015 2130 sive
1028 2062 1142 2151 idyllia
1153 2063 1229 2131 eive
1243 2062 1382 2151 eglogas

173 2166 252 2252 sive,
275 2160 438 2251 ut'multi
461 2166 623 2253 poematia
644 2188 702 2232 sen
722 2166 807 2253 quod
834 2165 923 2232 aliud
938 2174 1065 2233 'vocare
1091 2166 1245 2235 indueris
1265 2166 1382 2233 licebit
1410 2198 1414 2203 ·

123 2267 278 2354 lOvoces,
305 2290 367 2357 ego
395 2272 525 2335 tanturn
551 2268 839 2355 hendecasyllabos
865 2273 1006 2355 praesto.
1041 2290 1062 2334 a
1089 2268 1302 2357 simplicitate
1321 2272 1382 2335 tua

173 2375 250 2458 peto
271 2375 309 2439 nt
329 2370 415 2458 quod
436 2371 476 2437 de
506 2371 616 2437 libello
646 2393 719 2437 meo
741 2370 886 2439 dicturus
907 2393 943 2438 es
964 2370 1021 2437 alii
1042 2371 1125 2439 mihi
1145 2370 1252 2458 dicas3
1272 2386 1420 2463 neque*

174 2477 226 2540 est
247 2472 380 2541 difficile
405 2473 492 2560 quod
516 2475 656 2560 postulo.
691 2496 770 2541 nam
796 2474 825 2541 si
851 2472 915 2541 hoe
941 2474 1302 2561 opusculumnostrurn
1322 2478 1398 2543 aut-
1415 2500 1423 2523 -·

174 2575 378 2663 potissimum
399 2579 485 2642 esset
507 2580 563 2643 aut
585 2578 699 2663 solum,
721 2577 860 2643 fortene
880 2579 991 2664 posset
1012 2577 1127 2643 durum
1148 2577 1252 2645 videri
1272 2577 1389 2645 dicere

123 2698 129 2755 '.
174 2682 305 2766 ‘quaere
320 2679 406 2766 quod
420 2687 529 2767 agas’:
543 2679 641 2746 molle
655 2682 689 2747 et
702 2679 881 2747 humanum
894 2684 946 2747 est
956 2679 1068 2747 ‘habes
1080 2681 1165 2767 quod
1175 2685 1279 2769 agas!
1295 2680 1381 2749 vale.

114 3094 118 3102 ,
171 3062 174 3069 ·
244 3041 444 3110 unusquis!
514 3040 753 3114 Catullus]16‚5
820 3043 991 3109 euersicnlo
1008 3045 1097 3094 lv·
1148 3045 1245 3096 diurn
1259 3042 1383 3113 denique
1428 3069 1429 3072 ¹

175 3112 430 3178 retuncdeuiqne
447 3113 599 3178 Iulipa
684 3114 936 3171 desistimarers
1020 3111 1228 3164 9malluilv
1315 3129 1333 3164 a
1351 3117 1382 3165 ts

97 3190 99 3194 “
176 3182 271 3232 omnia
288 3182 332 3236 lle·
352 3181 445 3232 omnia
463 3188 561 3247 apter
630 3178 752 3250 laudari]
771 3181 899 3234 leudiill
986 3182 1020 3233 10
1042 3197 1132 3248 parua
1149 3182 1173 3231 n
1241 3183 1273 3232 11
1292 3182 1384 3249 supti-

176 3248 268 3315 lisque
284 3249 313 3298 Ι
329 3248 495 3313 subillisque
512 3251 534 3301 1>
620 3251 704 3302 debet
721 3267 777 3302 nou
794 3252 905 3314 riipra
920 3265 976 3301 non
992 3250 1080 3301 dehet
1096 3250 1174 3306 {Vs
1261 3252 1294 3302 12
1311 3246 1381 3319 neo]

176 3318 250 3368 nel¹
337 3316 788 3381 aliouvnpraliossaliudr
809 3319 914 3370 idalio
933 3324 954 3375 ’ς
1041 3320 1073 3368 13
1090 3317 1261 3384 quidesch
1321 3320 1384 3371 ·1s

177 3384 263 3450 longa
279 3385 385 3440 ΙΥΒς
403 3385 529 3452 longiore
547 3389 632 3450 rprs
687 3391 720 3439 15
738 3403 782 3438 me
801 3387 858 3453 (me
875 3403 924 3439 om.
936 3386 970 3450 n)
989 3385 1040 3437 has
1058 3401 1148 3453 unges
1165 3388 1208 3438 ita
1225 3386 1384 3439 inscribere
1404 3450 1407 3457 Ι

176 3451 407 3518 hendecasyllabi
423 3453 467 3519 lip
485 3470 526 3506 me
543 3456 595 3507 has
613 3472 690 3508 meas
713 3456 801 3517 (meas
819 3472 866 3510 am.
885 3456 910 3521 r)
937 3470 1027 3521 ungas
1050 3457 1094 3505 ita
1110 3455 1264 3507 inscribere
1281 3455 1385 3507 hende-

177 3520 338 3586 casyllabos
355 3522 450 3578 Urs
476 3540 519 3574 me
539 3524 590 3575 has
612 3540 702 3591 nugas
719 3539 797 3576 meas
815 3523 970 3576 inscribere
988 3523 1251 3589 hendecasyllabis
1267 3538 1311 3574 nie
1329 3524 1385 3577 has

177 3603 267 3655 unges
284 3589 436 3641 inscribere
456 3592 707 3657 endecasyllabi!
788 3595 820 3644 16
838 3592 926 3644 solam
943 3595 972 3642 et
989 3591 1092 3656 legal)
1118 3591 1126 3601 '
1160 3593 1384 3661 1i,constringi-

78 3701 83 3711 .
178 3662 223 3708 tur
240 3658 367 3713 {vass
384 3661 570 3711 conscribitur
587 3663 649 3725 rpr
717 3660 814 3725 idyllia
831 3662 887 3711 IV
904 3659 1054 3713 Beroaldus
1071 3659 1176 3725 edyllia
1192 3674 1209 3725 p
1226 3659 1342 3727 hedylis
1359 3664 1400 3713 D.

178 3723 305 3776 dullisr
327 3725 423 3793 dugtia
440 3727 561 3780 Ricccrd.
585 3730 691 3781 cdullia
708 3745 726 3780 a
748 3729 913 3781 eleaidriar
1016 3728 1133 3796 eglogas
1154 3731 1236 3781 ΠΙ)
1259 3730 1385 3786 Biscard.

123 3823 126 3827 .
178 3794 282 3860 egloga
298 3795 322 3843 V
407 3797 440 3847 18
458 3798 598 3861 poematia
615 3799 670 3847 IV
687 3803 819 3864 poemata
840 3800 926 3862 rpra
947 3797 1145 3864 poematicall
1231 3798 1292 3850 siue
1309 3798 1386 3863 qnod

178 3862 267 3913 Vsed
285 3861 382 3927 quidr
451 3865 593 3917 mallueris
610 3866 634 3915 V
711 3869 744 3918 19
762 3865 882 3934 tantum]
903 3872 1030 3917 tament
1105 3871 1225 3932 praesto
1242 3883 1291 3919 on.
1308 3867 1387 3917 ivr

246 3933 392 3984 iontem.
411 3933 496 3996 lipra
573 3934 905 4001 nliillvllllaliispra
972 3937 1005 3985 21
1025 3932 1080 4004 est]
1100 3936 1195 3987 criti>
1264 3949 1386 4001 oposcn·

179 3998 235 4049 lnru
251 4000 280 4047 11
297 4013 366 4064 opus
384 4000 503 4051 Muretus
519 4019 575 4052 oar.
594 4005 652 4054 lect.
672 4003 745 4054 XVI
763 4007 796 4054 12
864 4006 898 4053 '22
918 4008 966 4053 auct
978 4003 1067 4055 solum
1081 4009 1131 4054 eut
1144 4005 1269 4056 fortasse
1286 4008 1385 4069 posset

178 4065 275 4117 durum
293 4067 383 4118 uideri
400 4069 504 4120 dlceres
523 4087 623 4136 quaere
641 4072 714 4135 quod
732 4087 802 4137 agas
820 4071 913 4122 dicere
939 4088 1023 4137 quere
1042 4073 1108 4137 quid
1128 4088 1198 4138 agas
1215 4070 1300 4124 molle
1317 4085 1331 4120 r

179 4134 301 4187 fortasse
318 4153 366 4188 om.
383 4151 401 4200 p
469 4138 562 4191 dicere
581 4141 673 4203 rupa
689 4139 799 4192 diceres
816 4141 894 4196 ῙΥς
962 4144 995 4192 2³
1013 4141 1102 4193 babes
1120 4159 1167 4194 our.
1185 4155 1202 4204 p
