2934 4966
163 265 229 334 300
570 277 602 329 c.
625 278 723 329 mou
744 279 791 329 nr
811 276 959 331 saeuus

163 441 284 524 quanto
310 436 503 503 infirmiores
533 438 647 521 erunt,
680 435 766 502 idem
788 418 800 502 J
815 484 824 502 .
842 486 849 502 .
868 486 876 503 .
898 433 1050 501 fiduciam
1077 434 1271 523 diligentiae
1298 448 1364 504 luae

163 541 284 625 habeo,
313 542 351 605 ut
378 538 507 607 credam
533 543 568 606 te
590 538 679 606 omni
707 539 834 607 ratione
855 539 890 606 id
910 541 1058 604 acturum
1080 560 1122 605 ne
1143 540 1213 607 sint
1235 540 1365 608 obnoxii

132 643 300 710 3iniuriis.
330 642 413 728 siqui
437 647 545 709 autem
566 664 601 709 se
624 644 739 708 contra
758 641 964 728 disciplinam
978 661 1083 706 meam
1104 642 1281 730 gesserint,
1304 646 1364 709 sta·

162 747 223 812 tim
251 750 475 830 coerceantur,
503 749 561 810 aut
588 745 617 811 si
643 744 716 831 plus
743 745 948 829 admiserint,
976 764 1074 830 quom
1096 746 1134 810 ut
1159 744 1196 810 in
1217 768 1255 813 re
1275 769 1364 835 prae

162 849 246 914 senti
270 848 350 914 satis
372 848 566 933 puniantur,
594 849 623 912 si
644 847 764 913 milites
787 842 899 932 erunt,
928 845 1045 933 legatis
1073 867 1183 913 eorum
1204 849 1293 935 quod
1315 848 1384 916 des

161 949 369 1037 prehenderis
392 956 505 1016 notum
526 949 643 1034 facies,
665 955 725 1028 aut,
743 951 772 1016 si
793 949 828 1017 in
843 949 956 1015 urbem
977 969 1089 1015 sersus
1103 951 1236 1017 venturi
1258 957 1361 1039 erunt,

161 1053 241 1119 mihi
263 1053 393 1120 scribes.

550 1223 747 1293 LXXVIIII.
772 1224 979 1316 [Lxxxffll
1097 1301 1099 1305 ⁸
1210 1312 1214 1317 .

351 1344 354 1349 ’
426 1345 473 1402 ’0.
493 1346 641 1400 PLINIUS
658 1346 822 1401 TRAIANO
840 1347 1073 1402 mensarum

132 1467 149 1531 1
244 1467 383 1533 Cautum
405 1466 471 1550 est,
495 1464 639 1549 domine,
662 1465 816 1551 Pompeia
828 1465 912 1552 lege,
935 1477 1019 1551 quae
1032 1463 1188 1552 Bithynis
1207 1466 1288 1534 data
1302 1471 1359 1554 est,
1372 1490 1392 1531 u

160 1591 202 1635 ne
224 1568 296 1655 quis
324 1569 433 1654 capiat
454 1559 683 1654 magistratum
703 1590 785 1634 neve
813 1568 856 1634 sit
876 1569 912 1634 in
934 1573 1051 1635 senatu
1072 1569 1180 1636 minor
1200 1591 1360 1639 annorum

159 1672 308 1758 triginta.
339 1671 452 1737 eadem
468 1670 540 1756 lege
556 1670 822 1757 comprehensum
837 1674 888 1738 est
908 1675 946 1738 nt
960 1672 1015 1757 qui
1030 1672 1178 1759 ceperint
1190 1674 1361 1761 magistra·

127 1771 228 1840 2tum
249 1775 316 1840 sint
338 1773 373 1838 in
393 1776 519 1839 senatu.
550 1776 695 1838 secutum
717 1776 767 1839 est
781 1773 857 1841 dein
871 1773 1013 1846 edictum
1034 1774 1100 1840 divi
1114 1775 1276 1862 Augusti,
1300 1799 1361 1864 quo

158 1876 307 1964 permisit
328 1875 468 1942 minores
491 1874 701 1961 magistratus
724 1876 766 1941 ab
789 1876 883 1941 annis
898 1876 1022 1948 duobus
1044 1880 1078 1943 et
1099 1878 1220 1965 viginti
1236 1901 1359 1967 capere.

127 1978 324 2066 3quaeritur
346 1999 446 2065 ergo,
459 2000 502 2042 an
524 1978 580 2064 qni
600 1977 707 2044 minor
728 1979 867 2065 triginta
889 1975 1048 2046 annornm
1062 1981 1166 2068 gessit
1186 1983 1392 2070 magistra-u

157 2085 225 2148 tum
248 2083 351 2168 possit
366 2103 386 2146 a
400 2080 586 2146 censoribus
607 2080 643 2145 in
658 2083 808 2147 senatum
829 2081 910 2168 legi,
934 2085 968 2148 et
989 2083 1017 2148 si
1031 2085 1155 2170 potest,
1179 2104 1224 2149 an
1244 2085 1361 2174 iiquo·

157 2206 218 2271 que
240 2184 295 2270 qui
323 2204 390 2249 non
412 2183 575 2271 gesserint
596 2184 722 2270 possint
749 2205 808 2271 per
829 2185 965 2251 eandem
985 2186 1291 2273 interpretationem
1320 2190 1360 2255 ab

157 2309 196 2354 ea
217 2290 325 2353 aetate
347 2288 513 2352 senatores
536 2286 617 2372 legi,
642 2308 740 2373 aqua
760 2286 825 2353 illis
848 2288 1076 2374 magistratum
1097 2308 1211 2376 gerere
1225 2292 1361 2376 permis·

155 2411 227 2456 sum
241 2393 313 2477 ,est3
335 2389 421 2475 quod
443 2388 562 2474 alioqui
583 2389 770 2455 factitatum
793 2389 898 2456 adhuc
925 2395 958 2457 et
979 2413 1050 2458 esse
1070 2392 1292 2461 necessarium
1314 2394 1358 2461 di·

157 2493 256 2578 citur,
272 2492 348 2579 quia
359 2492 402 2557 sit
414 2491 579 2577 eliquanto
593 2491 708 2582 melius
722 2491 931 2559 honestorum
945 2493 1114 2560 hominum
1128 2494 1247 2563 liberos
1262 2518 1359 2584 qnam
1369 2518 1391 2559 u

126 2595 174 2662 4c
196 2594 290 2681 plebe
312 2595 347 2660 iu
371 2594 493 2660 curiam
509 2593 647 2659 admitti.
679 2616 775 2680 egos
796 2583 965 2661 destinatis
988 2598 1174 2663 censoribus
1195 2599 1274 2684 qnid
1289 2621 1359 2667 sen·
1392 2620 1395 2624 “

156 2699 252 2764 tirem
273 2697 508 2784 interrogatus,
538 2717 591 2760 eos
613 2696 741 2782 quidem
764 2698 819 2783 qui
840 2699 981 2764 minores
1002 2699 1140 2785 triginta
1163 2701 1260 2767 annis
1288 2724 1357 2790 ges·

155 2801 274 2866 sissent
307 2799 534 2886 magistratum
566 2799 722 2883 putabam
754 2821 848 2885 posse
880 2801 917 2866 in
943 2795 1092 2866 senatum
1120 2806 1154 2868 et
1178 2805 1356 2871 secundum

155 2903 296 2970 edictum
318 2903 460 2989 Augusti
489 2905 521 2967 et
548 2901 724 2968 secundum
746 2902 852 2990 legem
873 2902 1060 2989 Pompeiam
1091 2903 1179 2992 legi,
1202 2909 1355 2995 quoniam

92 3023 94 3028 ’
154 3007 322 3094 Augustus
336 3026 449 3093 gerere
464 3005 673 3091 magistratus
688 3006 866 3071 minoribus
881 3006 977 3071 annis
991 3006 1131 3093 triginta
1144 3009 1353 3096 permisisset,
1364 3029 1385 3072 ss

122 3108 204 3176 blex
232 3111 414 3174 senatorem
443 3128 511 3173 esse
539 3108 694 3175 voluisset
721 3109 775 3196 qui
803 3109 957 3196 gessisset
984 3109 1223 3197 magistratum.
1254 3112 1295 3180 de
1315 3113 1353 3179 iis

153 3216 261 3279 autem
283 3211 338 3298 qui
359 3231 427 3276 non
448 3209 641 3295 gessissent,
669 3211 815 3296 quamvis
839 3215 947 3296 essent
961 3213 1077 3279 aetatis
1099 3212 1244 3280 eiusdem
1266 3216 1353 3283 cuius

151 3314 200 3380 iili
222 3314 337 3401 quibus
359 3333 472 3399 gerere
486 3312 677 3397 permissum
698 3316 764 3398 est,
788 3314 1005 3401 haesitabam5
1027 3338 1086 3402 per
1099 3317 1183 3402 quod
1206 3319 1352 3385 effectum

152 3420 202 3484 est
210 3424 253 3483 ut
267 3420 300 3483 te
308 3447 322 3502 ,‘
340 3415 485 3500 domine,
510 3415 709 3481 consulerem
724 3417 800 3503 quid
815 3418 979 3484 observari
994 3418 1104 3487 velles.
1135 3421 1246 3507 capita
1260 3423 1349 3510 legis,

150 3524 221 3586 tum
243 3520 384 3586 edictum
406 3518 549 3605 Augusti
571 3517 688 3584 litteris
710 3520 842 3586 subieci.

220 3828 327 3882 tidem
345 3830 474 3882 fiduciam
493 3832 515 3881 A
533 3829 604 3881 idem
623 3836 730 3897 petent.
756 3831 884 3885 fiduciam
908 3834 1056 3888 Beroaldus
1142 3836 1273 3890 fiduciam
1292 3855 1348 3890 eam

151 3895 261 3949 Orellius
330 3899 494 3966 diligentiae
514 3905 579 3951 tuae
600 3900 759 3952 Gatanaeus:
778 3906 843 3954 tuae
860 3920 908 3958 oro.
927 3906 950 3955 A
1018 3909 1036 3957 3
1054 3907 1195 3973 gesserint
1207 3908 1349 3960 Coronaeus

149 3966 343 4031 egesseritA
428 3966 626 4020 tadmiserinl
644 3969 789 4020 Coronaeus
806 3986 824 4021 a
842 3973 988 4025 amiserint
1005 3976 1029 4025 A
1114 3975 1144 4026 in
1162 3992 1192 4027 re
1211 3977 1348 4043 praesenti

149 4033 186 4084 sit
204 4038 309 4087 salisa
412 4039 427 4088 5
446 4036 517 4101 quod
541 4035 590 4101 (cel
608 4039 686 4102 quos)
710 4036 925 4102 deprehenderis
943 4047 1039 4094 notum
1057 4043 1148 4095 facies
1167 4044 1348 4097 ustulatus-us

149 4117 221 4166 quae
240 4103 475 4171 depraehenderis
493 4111 587 4157 notum
607 4107 696 4157 facies
714 4108 737 4157 A
761 4122 832 4171 quae
851 4109 1086 4183 depraehenderis
1108 4119 1176 4164 nota
1195 4112 1284 4165 iacies
1301 4114 1347 4165 Ga·

149 4176 256 4224 taracus
507 4218 510 4222 ,

216 4241 376 4295 LXXVIIII
393 4242 435 4294 De
454 4243 664 4310 magistratibus
683 4245 898 4310 prouincialium
916 4248 1020 4301 .L111.
1037 4251 1061 4300 A
1143 4251 1174 4300 ta
1193 4251 1318 4315 ceperint
1334 4264 1348 4300 a

150 4312 290 4374 coeperint
307 4313 330 4362 A
400 4313 431 4364 15
450 4313 539 4379 gessit
557 4312 776 4378 magistratusA
846 4317 878 4366 16
901 4332 918 4367 a
937 4319 1099 4370 censoribus
1119 4317 1267 4370 Beroaldus
1284 4333 1313 4370 a:
1332 4336 1347 4371 a

149 4389 195 4429 our.
215 4377 237 4427 A
307 4395 342 4431 an
361 4396 394 4432 ex
412 4381 448 4432 iis
467 4380 514 4445 qui
531 4397 640 4447 quoque
659 4397 714 4432 non
733 4385 872 4450 gesserint
889 4387 979 4452 possit
996 4389 1058 4453 quis
1082 4402 1131 4451 per
1148 4399 1165 4436 a
1234 4385 1264 4454 ii]
1283 4388 1347 4440 biA

218 4445 411 4501 reseratores
429 4450 576 4502 Beroaldus
594 4457 707 4502 senator
725 4453 747 4502 A
816 4456 848 4504 at
867 4469 885 4504 a
903 4455 1051 4507 destinatis
1068 4454 1218 4508 Beroaldus
1235 4470 1253 4505 a
1270 4458 1347 4510 adest

145 4511 228 4633 pgilice
242 4514 296 4632 AA
333 4519 364 4569 22
383 4519 528 4583 quideme
545 4519 657 4585 quidem
675 4522 706 4594 A·
768 4523 800 4572 26
819 4522 852 4573 de
871 4522 915 4575 his
933 4524 957 4573 A
1008 4523 1233 4577 recensuissem
1250 4541 1268 4578 a
1286 4541 1345 4578 ecn-

180 4595 196 4632 e
228 4596 255 4632 m
953 4616 959 4626 ·
