2934 4966
552 327 554 331 ·
617 314 832 367 rnsnrsmo.
1158 375 1161 379 ,
1291 316 1330 365 rx

111 475 158 538 in
179 470 341 538 Vaticano
368 474 401 536 et
427 471 463 537 in
485 471 631 542 Medioeo
658 470 767 538 codiee
795 464 910 537 eodeni
936 468 1006 536 loco
1033 491 1155 536 nomen
1181 468 1282 536 Plinii
1314 493 1333 537 a

124 574 267 641 librariis
289 574 503 646 omitteretur.
1197 590 1199 594 ’

208 676 281 744 Hae
302 676 442 744 Medieei
464 681 498 744 et
517 677 673 744 Vaticani
696 677 816 744 coelieis
832 677 1029 763 cognatione
1043 676 1109 741 iam
1123 677 1249 743 eertum
1264 675 1334 742 effi·

124 783 208 849 citur
229 781 385 848 iudicium
406 781 447 848 de
470 782 608 849 codiee
629 781 846 868 Pragensi,
875 801 914 846 ex
936 801 999 867 quo
1021 778 1214 847 Franciseus
1236 778 1333 847 Nico·

123 885 193 952 laus
214 885 307 952 Titne
328 883 458 970 Lipsiae
481 906 510 949 a.
535 883 619 950 1823
640 883 739 950 Plinii
763 883 918 969 epistulas
940 882 1041 948 edidit
1063 903 1200 969 eumque
1221 882 1333 950 multis

123 989 230 1056 verbis
264 989 300 1054 in
332 986 536 1074 praefatione
564 986 633 1054 eius
662 987 814 1053 editionis
847 985 1029 1071 descripsit.
1067 988 1181 1071 quarto
1209 983 1334 1051 decimo

126 1093 234 1158 autem
258 1091 386 1158 saeculo
408 1090 544 1175 librum,
567 1091 603 1156 in
625 1111 688 1175 quo
710 1112 776 1157 uno
797 1111 918 1177 magno
932 1088 1097 1154 volumine
1118 1086 1219 1177 Plinii
1240 1090 1334 1154 natu·

123 1193 201 1260 ralis
223 1193 378 1268 historiae
405 1194 497 1279 libri,
527 1192 627 1259 Plinii
655 1191 820 1258 Valeriani
847 1191 985 1278 physica
1012 1212 1096 1277 quas
1122 1166 1275 1257 ieruntnr
1301 1195 1335 1259 et
1440 1262 1446 1269 ,

123 1298 197 1362 octo
226 1295 438 1380 epistularum
464 1296 540 1362 libri
569 1291 793 1381 comprehensi
822 1295 905 1379 sint,
932 1295 969 1359 in
992 1291 1149 1359 Bohemia
1177 1294 1334 1381 seriptum

124 1419 194 1464 esse
217 1398 307 1465 dicit.
344 1398 496 1487 isigitur
525 1403 594 1465 tam
618 1401 807 1465 constanter
829 1397 968 1463 Medieei
992 1395 1110 1462 codicis
1140 1397 1335 1483 scriptoram

124 1502 288 1586 sequitur,
317 1505 355 1568 ut
375 1502 518 1568 dubitari
540 1506 681 1589 nequeat
708 1501 788 1588 quin
810 1523 850 1567 ex
876 1500 939 1567 hoe
964 1500 1037 1586 ipso
1069 1499 1252 1586 descriptus
1279 1503 1334 1568 sit.

125 1626 203 1669 nam
226 1626 298 1670 cnm
319 1605 356 1671 in
378 1608 530 1692 quattuor
544 1605 756 1692 epistularum
778 1604 886 1689 libris,
910 1603 946 1668 in
967 1603 1083 1688 quibus
1097 1606 1227 1688 praeter
1247 1602 1336 1671 hune
1382 1626 1386 1632 ·

124 1706 324 1773 Vaticanum
346 1709 466 1775 veteris
487 1711 808 1796 scripturaeqtestem
829 1707 1004 1792 habemus,
1033 1705 1106 1775 aliis
1128 1705 1208 1773 loeis
1230 1705 1334 1792 isqui

125 1809 322 1894 Medioeum,
352 1811 426 1877 aliis
446 1812 475 1877 is
497 1813 558 1899 qni,
574 1813 773 1881 Vaticanum
802 1811 943 1880 codicem
972 1808 1103 1894 scripsit
1130 1831 1151 1873 a
1173 1809 1336 1874 communi

127 1912 305 1999 archetypo
333 1913 545 2000 aberraverit,
574 1915 749 2002 Pragensis
773 1914 872 1980 codex
899 1913 1042 1997 exceptis
1069 1911 1240 1977 levissimis
1268 1911 1336 1998 qui·
1428 1905 1432 1911 ’

126 2017 262 2083 busdam
284 2018 463 2103 erroribus,
487 2020 544 2104 qui
565 2018 655 2085 nullo
670 2019 803 2105 negotio
825 2017 1013 2083 coniectura
1029 2015 1154 2102 corrigi
1169 2017 1334 2101 poterant,

125 2120 235 2185 omnia
256 2120 389 2206 propria
409 2120 547 2187 Medicei
562 2121 688 2188 librarii
703 2122 782 2186 vitia
802 2119 972 2205 repetivit,
994 2118 1078 2204 quod
1099 2118 1171 2183 fieri
1190 2139 1259 2185 non
1279 2108 1336 2204 po·

124 2223 226 2288 tuisse
247 2226 400 2308 apparet,
425 2224 452 2288 si
475 2246 513 2288 ex
535 2225 718 2310 antiquiore
742 2224 856 2290 codice
873 2221 1033 2308 originem
1055 2220 1208 2289 duxisset.
1231 2244 1335 2309 noque

124 2324 207 2393 illud
228 2324 305 2391 huic
326 2325 373 2392 rei
395 2325 520 2411 obstat,
549 2329 634 2412 quod
657 2351 695 2394 ex
717 2329 758 2395 iis
780 2353 862 2416 quae
884 2331 920 2398 in
942 2335 1069 2401 lacunis
1091 2328 1228 2401 bledieei
1251 2328 1335 2393 codi-

126 2429 173 2496 eis
195 2429 364 2515 perierunt
385 2430 543 2515 quaedam
565 2433 606 2496 in
628 2432 787 2520 Pragensi
814 2439 937 2524 scripta
964 2444 1051 2508 sunt.
1087 2461 1165 2505 nam
1188 2461 1245 2505 eac
1267 2433 1335 2524 qui·

126 2532 199 2599 dem
221 2531 396 2618 epistulae,
419 2554 556 2630 quarum
577 2534 747 2606 relinitis
769 2538 819 2604 vel
840 2541 921 2606 fines
943 2543 979 2607 in
1001 2541 1058 2608 illo
1072 2545 1205 2629 propter
1221 2539 1333 2607 arche-

125 2635 196 2722 typi
218 2633 381 2700 defectum
402 2630 584 2720 perierunt,
608 2637 625 2702 I
650 2641 699 2706 16.
722 2640 776 2707 20.
800 2641 850 2708 ΙΠ
873 2645 903 2708 1.
926 2643 958 2709 3.
982 2644 1012 2730 9,
1048 2645 1084 2710 in
1106 2645 1169 2712 hoc
1202 2665 1242 2710 ex
1271 2643 1335 2708 alio

127 2738 273 2806 codicum
295 2758 431 2824 genere,
461 2738 551 2804 cuius
580 2738 688 2825 plures
711 2743 810 2809 etiam
831 2768 920 2812 nunc
942 2751 1117 2833 supersunt
1138 2747 1230 2831 libri,
1260 2768 1336 2832 sup·

65 2894 70 2902 .
125 2840 234 2928 pletas
255 2840 425 2926 leguntur3
448 2862 506 2907 eae
529 2844 637 2916 autem
659 2865 741 2928 quae
763 2849 851 2914 totas
873 2849 997 2915 lacunis
1018 2851 1154 2917 haustae
1176 2851 1334 2916 erantne

126 2943 161 3010 in
194 2942 257 3009 hoo
290 2941 420 3029 quidem
451 2944 592 3029 scriptae
625 2946 751 3033 sunt*).
786 2954 956 3035 praeterea
984 2975 1022 3019 ex
1050 2952 1181 3038 reliquis
1209 2972 1334 3037 quoque

125 3155 331 3167 *nn-*uan-

193 3289 219 3357 *1
238 3291 300 3354 Quo
328 3291 432 3342 certius
458 3289 493 3343 ds
522 3306 660 3344 consensu
677 3293 798 3348 Mediesi
830 3297 935 3349 codicis
954 3296 1004 3364 (11)
1030 3302 1059 3350 et
1078 3298 1229 3366 Pragensis
1246 3297 1286 3362 (P)
1306 3297 1335 3348 in

125 3360 163 3412 iis
182 3360 269 3415 etiarn
291 3359 376 3424 loeis,
399 3360 429 3410 in
453 3361 563 3426 quibua¹
574 3363 729 3422 Vaticanus
747 3380 841 3416 veram
860 3370 1027 3433 scripturam
1051 3367 1190 3430 servavit,
1216 3371 1332 3430 constet,

82 3459 83 3462 =
125 3427 253 3494 exempla
259 3429 319 3480 eius
325 3430 436 3494 generis
443 3429 606 3494 adscribam,
613 3431 642 3481 in
648 3432 749 3498 quibus
760 3450 774 3484 e
785 3436 874 3501 primo
882 3435 1336 3502 libroomniaquashucpertinent

124 3513 241 3565 ponam,
260 3514 275 3548 a
295 3497 410 3563 reliquis
428 3498 560 3564 graviora
578 3499 689 3564 eligam.
713 3517 739 3566 p.
749 3504 775 3564 63
795 3504 827 3553 14
846 3503 908 3572 non]
927 3509 991 3555 enirn
1009 3505 1068 3553 111).
1088 3506 1157 3567 1126
1175 3501 1334 3555 ἀνένευεεν.

125 3600 184 3636 narn
201 3579 261 3650 epo]
286 3578 620 3654 ΑΝΕΝΕΥῪΈΕΝΙΝΑΜ.
648 3586 706 3649 Epo
723 3588 783 3638 rur.
804 3591 844 3650 11,
863 3593 896 3640 21
915 3607 947 3640 ne
964 3586 1082 3658 molesta]
1100 3576 1129 3640 N
1145 3591 1291 3640 molestati
1307 3595 1336 3638 ut

124 3669 176 3704 non
193 3654 301 3704 molesta
317 3652 345 3700 1².
365 3653 405 3713 12,
424 3654 458 3704 25
476 3649 550 3719 enne]
570 3669 650 3703 cauea
661 3654 723 3709 112.
743 3659 784 3719 14,
811 3660 843 3708 10
860 3660 929 3708 dixit
946 3661 1053 3710 otiosum
1071 3654 1140 3726 esse]
1160 3660 1230 3710 dixit
1246 3659 1335 3708 melius

124 3729 165 3773 est
182 3723 289 3772 otiosum
306 3719 433 3772 essen.
453 3722 494 3784 15,
514 3723 529 3772 7
547 3724 646 3772 rurrtturn
663 3721 822 3793 seueritatis]
841 3729 940 3777 multura
957 3730 1085 3778 seueritas
1098 3728 1126 3775 Μ
1142 3730 1220 3776 multa
1236 3726 1335 3776 reueri-

125 3790 212 3842 1ωὲ.
241 3790 282 3853 18,
301 3792 317 3840 2
335 3796 440 3840 martem
459 3790 546 3852 doleo,
569 3792 644 3842 dalea
662 3789 758 3860 autern]
782 3803 886 3845 rnortern
908 3797 982 3846 doleo
1007 3803 1090 3845 autem
1107 3795 1170 3850 Hl’.
1198 3796 1335 3856 1112112-

124 3860 184 3909 nint
201 3857 276 3921 defui
287 3897 295 3911 .
307 3854 395 3922 erant]
414 3859 515 3908 rnendnr'
530 3859 669 3921 defuerant
680 3863 708 3909 Μ
725 3866 799 3912 ruenr‘e
819 3864 940 3925 defuerat
955 3866 985 3913 P.
1013 3866 1054 3926 26,
1075 3866 1107 3913 15
1123 3865 1277 3930 [requenter
1295 3863 1336 3926 epi

125 3943 178 3982 om.
196 3926 257 3976 ΠΡ.
276 3929 318 3988 31,
338 3926 355 3976 8
373 3927 466 3976 audire
483 3933 509 3978 et
525 3929 550 3977 ei
566 3926 658 3994 inulta]
677 3932 769 3982 erudire
786 3934 810 3981 si
827 3934 908 3982 inrrlta
924 3934 986 3982 ΜΡ.
1010 3935 1051 3994 32,
1070 3934 1086 3982 2
1106 3927 1193 3998 nosse]
1214 3945 1290 3982 nosce
1308 3931 1336 3978 n

124 4009 233 4046 noscere
255 3997 284 4048 1’.
303 3995 398 4056 36,12
423 3997 467 4060 qui
485 3993 638 4062 pepererat]
669 4000 763 4063 quippe
785 4007 893 4063 parerat
915 4002 943 4048 n
967 4006 1062 4066 quippe
1084 4009 1163 4066 perat
1180 4002 1209 4050 Ρ.
1239 4001 1282 4061 44,
1303 3999 1333 4048 11

128 4059 248 4132 Tuccius]
268 4064 369 4114 ductim
379 4063 444 4112 m.
466 4063 509 4127 47,
523 4066 556 4114 22
573 4067 649 4115 istinc
660 4064 761 4134 redire]
780 4070 841 4118 ialin
858 4071 1003 4129 crederebl
1021 4071 1097 4119 iatine
1113 4070 1187 4120 credi
1197 4068 1225 4121 P.
1245 4070 1288 4129 51,
1301 4067 1334 4116 22

125 4128 227 4197 tuerer]
247 4147 325 4182 uerer
342 4133 370 4179 11
386 4147 496 4182 uererer
508 4134 538 4188 P.
557 4135 597 4196 68,
612 4136 628 4184 2
646 4141 768 4198 poteras,
787 4138 882 4202 inquit,
902 4139 949 4187 lens
967 4139 1046 4188 dorne
1064 4155 1114 4188 non
1129 4138 1260 4202 perdere:
1278 4151 1335 4184 narn

123 4202 214 4266 perire
231 4215 304 4251 omne
321 4206 420 4265 tempus
437 4200 626 4265 arbitrabatur,
645 4206 715 4269 quad
730 4207 824 4256 studiis
836 4222 887 4256 non
904 4204 1102 4272 inpenderetur]
1120 4212 1229 4270 poteras
1246 4204 1336 4270 inquid

124 4269 205 4321 boras
223 4285 273 4320 non
291 4270 477 4334 inpenderetur
494 4271 522 4318 Μ
537 4279 647 4334 poteras
665 4274 747 4338 inquit
764 4274 842 4325 dorae
860 4291 911 4326 non
929 4276 1103 4339 inpendere?
1118 4282 1228 4339 poteras
1245 4272 1336 4338 r‘rrpuid

123 4339 789 4473 eurudeteutterrueruut
803 4345 866 4462 lli*
882 4339 1335 4462 ⁸‘¹‘“‘'‘'⁸r‘⁰t-5t0't'0‘ttt

244 4444 251 4470 ‚
722 4449 728 4461 .
792 4423 824 4474 ,·
877 4429 961 4477 nuper
1005 4450 1011 4461 .
1055 4428 1063 4461 r
1101 4427 1213 4476 ,puer

126 4470 205 4539 illiue]
225 4490 309 4540 nuper
325 4473 359 4528 L.
375 4476 477 4540 pisonis
498 4478 566 4526 illius
583 4479 643 4527 ΠΡ.
667 4481 709 4538 90,
733 4481 767 4530 24
793 4483 820 4530 in
845 4498 940 4532 swnrun
966 4482 1078 4531 auaritia
1095 4487 1279 4546 sumptuosus,
1307 4481 1334 4527 in
1419 4476 1424 4484 ’

123 4559 220 4597 summa
236 4541 346 4606 infamia
361 4541 501 4612 proruens]
521 4547 548 4594 in
565 4561 659 4596 sarrana
677 4548 784 4609 infirmia
802 4552 915 4600 auaritia
932 4556 1093 4614 eurnptuosus
1111 4551 1137 4600 in
1154 4564 1248 4599 summa
1266 4546 1334 4608 insa·

123 4613 176 4664 nia
190 4613 320 4680 ptarioera
337 4613 399 4664 KP.
418 4613 477 4674 101,
497 4615 529 4666 12
547 4613 675 4667 Caeciliae
692 4615 788 4670 Strabo
813 4621 918 4672 aerario
936 4620 1035 4670 cenauit
1052 4613 1228 4684 inserendum]
1238 4641 1240 4646 .
1252 4614 1335 4666 eaeci-
