2934 4966
71 309 72 312 =
176 269 240 336 364
701 283 732 333 c.
755 284 853 334 amm

178 436 321 507 cusasti?
342 439 478 505 tantone
492 437 632 526 Papiriis
655 439 754 505 etiam
777 442 810 505 et
831 438 973 516 Quintiis
995 441 1191 508 moderatior
1213 441 1385 528 Augustus

177 536 210 608 et
231 539 350 609 Caesar
372 545 405 607 et
426 545 521 627 pater
541 541 692 628 patriae?
720 545 756 607 at
782 541 855 607 illos
882 564 934 608 res
964 542 1095 630 publiea
1124 543 1241 611 ciebat.
1283 544 1386 631 quid?

177 649 210 712 te
231 666 297 709 non
320 643 432 710 eadem
454 667 505 711 res
527 645 682 733 publica?
702 667 787 736 'nou
808 645 963 711 senatus?
995 668 1063 712 non
1091 645 1281 712 consulatus
1305 647 1385 734 ipse,

125 746 230 833 aequi
259 746 321 812 sibi
352 747 417 812 tuis
445 747 564 813 umeris
597 747 703 814 attolli
732 749 765 813 et
794 769 968 835 augescere
996 747 1148 815 videtur?
1178 769 1248 814 non
1281 752 1318 815 te
1345 749 1386 816 ad

176 849 341 935 exemplar
363 850 430 915 eius
454 871 546 934 voco,
577 851 631 936 qui
660 850 823 917 continuis
853 851 1072 917 consulatibus
1090 851 1225 916 'fecerat
1246 849 1408 939 longuma

176 953 336 1038 quendam
359 956 393 1018 et
414 952 485 1019 sine
507 952 693 1041 discrimine
715 974 854 1018 annum:
876 952 916 1018 iis
931 956 965 1018 te
981 953 1129 1037 confero,
1152 974 1233 1040 quos
1258 956 1385 1020 certum

177 1059 241 1140 est,
275 1057 424 1140 quotiens
453 1055 600 1121 consules
628 1055 778 1139 fuerunt,
807 1077 873 1120 non
902 1054 964 1120 sibi
991 1055 1204 1140 praestitisse.
1249 1059 1324 1121 erat
1350 1057 1385 1122 in

176 1163 291 1224 senatu
312 1160 364 1223 ter
385 1157 513 1243 consul,
537 1180 610 1224 cum
631 1161 669 1223 tu
689 1159 822 1223 tertium
844 1157 1047 1224 consulatum
1058 1157 1245 1225 recusabas.
1269 1179 1383 1225 onero·

176 1283 248 1326 sum
269 1260 379 1351 nescio
402 1260 478 1345 quid
500 1259 712 1326 verecundiae
733 1246 810 1326 tuae
825 1281 1001 1338 cousensus
1015 1265 1128 1327 noster
1148 1260 1326 1345 indixerat,
1350 1264 1386 1326 ut

176 1362 328 1448 princeps
349 1362 470 1427 totiens
494 1361 605 1428 consul
627 1383 727 1446 esses,
752 1363 901 1447 quotiens
922 1365 1054 1429 senator
1075 1363 1296 1430 tuuszinimia
1317 1385 1383 1429 mo·
1396 1386 1416 1426 a

98 1536 101 1541 ,
178 1464 280 1529 destia
302 1464 389 1540 istud
411 1467 508 1530 etiam
530 1465 676 1550 privatus
698 1486 888 1531 recusasses.
923 1487 967 1530 an
984 1463 1160 1555 consularis
1183 1465 1247 1531 viri
1269 1465 1383 1530 trium·

178 1565 347 1652 phalisque
362 1567 458 1652 filius,
472 1562 554 1653 lcum
569 1566 666 1632 tertio
682 1565 795 1632 consul
811 1570 948 1652 creatur,
964 1566 1132 1636 ascendit?
1147 1589 1219 1632 non
1236 1567 1383 1634 debitum

177 1666 239 1740 hoc
253 1668 325 1734 illi?
346 1692 414 1735 non
430 1670 482 1735 vel
496 1668 565 1735 sola
586 1669 715 1756 generis
736 1669 883 1736 claritate
894 1666 1128 1755 promeritum?
1150 1670 1294 1758 contigit
1304 1691 1382 1758 ergo

177 1770 313 1857 privatis
335 1772 459 1859 aperire
487 1794 608 1838 aunum
629 1771 795 1858 fastosque
817 1793 977 1858 reserare,
1007 1776 1041 1838 et
1067 1770 1129 1838 hoc
1157 1793 1285 1858 quoqne
1312 1771 1381 1838 red·

177 1874 264 1939 ditae
290 1874 451 1950 libertatis
482 1874 638 1941 indicium
658 1873 738 1959 fuit,
773 1874 857 1960 quod
885 1875 996 1940 consul
1026 1874 1108 1940 alius
1136 1895 1234 1961 quam
1262 1872 1412 1942 Caesare

176 1981 271 2042 esset.
309 1977 356 2042 sic
378 1978 497 2043 exactis
519 1977 649 2064 regibus
678 1977 786 2063 coepit
814 1978 895 2043 liber
916 2000 1035 2044 annus:
1063 1978 1110 2062 sic
1137 1977 1214 2044 olim
1242 1978 1380 2059 servitus

175 2079 270 2166 pulsa
291 2079 419 2166 privata
440 2079 533 2145 fastis
554 2081 688 2146 nomina
709 2080 848 2148 induxit.
878 2080 1013 2148 miseros
1042 2080 1240 2164 ambitionis,
1264 2080 1380 2166 quiite

177 2182 324 2247 consules
345 2195 472 2268 semper
491 2186 529 2248 ut
550 2205 676 2269 semper
695 2184 858 2271 principes
880 2186 990 2251 erantt
1014 2205 1208 2272 quamquam
1224 2205 1292 2248 non
1316 2203 1379 2249 am·

75 2369 78 2375 Ι
175 2285 256 2360 bitio
278 2284 384 2372 magis
407 2307 502 2370 quarn
525 2285 606 2350 livor
628 2289 662 2351 et
683 2286 872 2374 malignitas
892 2286 994 2353 videri
1016 2289 1126 2372 potest
1140 2307 1253 2351 ornnes
1275 2306 1379 2352 anuos

175 2387 337 2474 possidere
360 2409 582 2472 summumque
604 2388 682 2453 illud
698 2411 859 2476 purpurae
875 2389 970 2456 decus
992 2411 1059 2454 non
1076 2389 1139 2454 nisi
1152 2391 1412 2481 praecerptumn

175 2490 468 2578 praefloratnmque
493 2490 729 2565 transmittere.v
776 2496 863 2557 tuam
886 2513 974 2557 -uero
1001 2490 1309 2577 magnanimitatem
1337 2513 1380 2558 au

176 2593 365 2661 modestiam
398 2615 443 2678 au
469 2591 707 2680 benignitatem
735 2594 824 2680 prius
852 2593 972 2659 mirer?
1006 2593 1290 2680 magnanimitatis
1317 2594 1380 2660 fuit

175 2697 318 2784 expetito
339 2718 466 2783 semper
487 2695 610 2761 honore
632 2695 812 2780 abstinere,
837 2695 1012 2761 modestiae
1034 2695 1174 2782 cedere„
1194 2697 1379 2785 benignita·

174 2801 217 2866 tis
239 2822 298 2886 per
319 2799 399 2866 alios
419 2799 495 2865 frui.

122 2899 166 2967 59
260 2902 323 2970 Sed
345 2904 411 2968 iam
432 2906 559 2988 tempus
581 2906 630 2968 est
657 2906 691 2968 te
713 2902 775 2989 ipsi
798 2901 979 2968 consulatui
1006 2906 1186 2986 praestare,
1213 2904 1257 2967 ἰή
1279 2903 1413 2969 maios

142 3047 145 3054 -
174 3028 243 3071 rem
266 3027 338 3072 eum
361 3006 564 3093 suscipiendo
591 3006 796 3092 gerendoque
823 3005 937 3070 facias.
974 3027 1051 3070 nam
1079 3007 1206 3090 saepius
1230 3026 1380 3072 recusare

175 3109 362 3196 ambiguam
383 3131 422 3177 ae
443 3110 550 3194 potius
572 3107 662 3173 illam
685 3107 984 3193 interpretationem
1000 3105 1114 3193 babet,
1138 3112 1308 3193 tamquam
1323 3109 1379 3193 mis

175 3233 287 3278 norem
315 3214 418 3297 putes.
456 3214 492 3277 tu
514 3210 642 3297 quidem
668 3214 705 3276 ut
733 3209 908 3275 maximum
937 3210 1110 3295 recusasti3
1138 3211 1193 3276 sed
1222 3208 1286 3276 hoc
1309 3233 1380 3297 pcr-

175 3314 308 3380 suaderc
330 3315 453 3379 nemini
475 3314 612 3399 poteris,
636 3312 699 3378 uisi
722 3312 895 3399 aliquando
917 3316 950 3376 et
972 3335 1038 3378 nou
1061 3312 1271 3380 recusaveris.
1308 3337 1413 3380 cuma

175 3438 283 3502 araus,
307 3439 380 3484 cum
402 3421 554 3504 tropaea,
579 3439 651 3483 cum
671 3419 797 3482 statuas
812 3416 1008 3502 deprecaris,
1031 3415 1203 3482 tribuenda
1225 3420 1278 3482 est
1292 3439 1380 3484 vere

175 3635 378 3648 ——n——

243 3767 256 3814 1
279 3766 396 3832 papiriis
415 3766 499 3816 etiam
517 3763 603 3828 (ettam
621 3781 669 3816 om.
685 3761 712 3830 d]
732 3769 761 3815 et
779 3762 894 3830 quiutiis
906 3763 952 3813 Ad
968 3764 1095 3829 papirius
1114 3764 1199 3814 etiam
1217 3768 1245 3814 et
1265 3765 1379 3831 quintus

174 3829 351 3899 (quintiaco)
369 3835 410 3884 Bc
468 3833 661 3884 moderaturB
730 3832 801 3884 iad
820 3831 921 3881 iltosB
990 3831 1148 3884 tattollere
1168 3834 1230 3883 etb
1304 3833 1379 3885 uide-

174 3900 289 3953 retur&
357 3903 507 3953 nointel
576 3901 990 3953 biistedoistedhiscel
1072 3904 1087 3950 7
1108 3901 1275 3952 fueriutdd
1349 3904 1379 3952 10

174 3986 235 4020 cum
254 3972 340 4020 nimia
359 3970 476 4036 Scaliger
546 3967 691 4036 modestia]
710 3970 836 4022 ruodiab
924 3973 954 4018 12
975 3969 1057 4020 tertio
1077 3970 1173 4020 consul
1191 3971 1280 4021 laed
1299 3972 1378 4022 tertio

173 4039 361 4090 consulatu&
430 4039 624 4102 ascenditurss
648 4040 834 4089 ostenditurb
907 4041 937 4088 13
956 4040 1130 4103 promeritum
1150 4040 1185 4103 βο
1238 4038 1379 4104 contingit

173 4109 190 4157 d
260 4108 291 4158 18
310 4124 365 4159 nou
384 4108 499 4158 ambitio
519 4108 608 4171 magis
627 4124 708 4174 quam
726 4108 791 4170 Δβᾱ
809 4123 860 4156 non
881 4106 995 4156 ambitio
1015 4123 1097 4172 quam
1114 4110 1151 4158 bc
1170 4123 1223 4158 non
1243 4112 1302 4158 tam
1322 4124 1377 4157 aui·

174 4176 242 4227 bitio
262 4193 343 4242 quarn
362 4179 419 4232 cod.
438 4178 545 4228 Medici.
626 4181 658 4228 20
677 4173 829 4243 possidere]
850 4174 976 4225 obsidere
997 4176 1020 4227 I.
1039 4177 1070 4225 F,
1091 4177 1232 4228 Gronovius
1305 4191 1376 4225 sum·

174 4260 300 4311 mumque
319 4247 509 4297 Resumrnnm
527 4245 571 4295 Ad
658 4245 1079 4311 praecerptumBpraeceptum
1098 4246 1164 4296 aod
1243 4245 1277 4294 21
1298 4259 1377 4310 prae·

174 4314 355 4381 floretumqua
373 4316 415 4365 nd
435 4314 681 4381 preflossatrunque
700 4315 715 4376 β
733 4314 966 4378 prodonatruuqun
985 4314 1002 4362 b
1026 4315 1256 4380 perdoratum'que
1276 4326 1291 4361 o

174 4383 340 4446 verconass
409 4385 441 4434 22
460 4384 677 4448 magnanimitas
695 4383 807 4433 fuitne
874 4382 1119 4448 23bcnignitasB
1188 4383 1221 4431 25
1239 4384 1268 4430 te
1288 4381 1375 4446 ipsum

175 4450 319 4503 dodonaeus
404 4454 437 4502 26
456 4453 577 4518 gerendo
597 4453 687 4504 sacius
704 4455 720 4502 b
739 4447 858 4514 gerendo
878 4453 1064 4513 augustiorem
1085 4450 1175 4503 iacias
1193 4450 1282 4500 evilea
1302 4450 1378 4500 Puri-

172 4521 242 4569 ainus
261 4520 401 4571 Scdrourzii
419 4520 593 4587 gerendoque
613 4521 801 4588 augustiorem
821 4517 912 4568 faciae
932 4516 1060 4570 Gesrrerur
1138 4521 1169 4571 31
1184 4532 1245 4568 auur
1265 4523 1378 4571 statuas

174 4602 233 4638 cum
253 4589 403 4657 trophaei
