2934 4966
174 258 239 324 338
529 251 532 255 ’
600 309 602 314 .
699 276 729 325 c.
753 277 852 327 sunu

97 466 100 471 ·
174 429 287 496 batur:
316 431 504 515 expectatus
526 433 591 514 est,
620 431 846 517 provisumque
868 454 910 498 ue
932 432 1005 518 quis
1028 453 1142 518 aeger,
1171 457 1214 501 ne
1229 415 1311 522 'quis
1333 456 1381 502 oc·

176 536 328 618 capatus,
357 531 499 617 nequis
521 532 659 619 denique
688 533 785 620 longe
812 533 944 600 fuisset:
971 534 1097 599 reniret
1125 537 1279 624 quisque,
1311 560 1382 605 cum

173 634 287 721 vellet,
318 636 445 701 veniret
472 637 626 722 quisque,
653 657 726 702 cum
746 641 874 722 posset.
924 635 1150 722 magnifieum,
1181 639 1322 725 Caesar,
1351 647 1382 706 et

173 741 265 803 tuum
287 737 557 804 disiunctissimas
578 734 681 805 terras
703 739 946 806 munificentiae
959 739 1094 826 ingenio
1108 739 1197 806 velut
1210 742 1382 810 admovere

174 839 395 926 immensaque
422 841 529 926 spatia
556 841 753 918 liberalitate
780 841 986 928 contrahere,
1014 841 1215 909 intercedere
1233 846 1402 930 .easibus,⁵

173 964 342 1010 occursare
364 942 515 1009 fortunae
543 947 640 1031 atque
669 945 759 1010 omni
786 966 848 1031 ope
877 945 981 1018 adniti
1003 966 1046 1009 ue
1067 945 1138 1029 quis
1161 967 1180 1010 e
1201 947 1298 1032 plebe
1320 947 1382 1014 Ra

83 1091 87 1097 -
119 1046 130 1079 ²
174 1050 273 1112 mana
301 1047 399 1111 dante
429 1048 631 1134 congiarium
659 1051 693 1114 te
721 1047 885 1113 bominem
918 1069 953 1112 se
981 1048 1088 1134 magis
1116 1047 1256 1114 sentiret
1276 1049 1382 1131 ,fuisse

122 1145 165 1212 26
175 1171 271 1236 quam
288 1149 401 1216 civem.
439 1150 636 1217 adventante
660 1151 819 1237 congiarii
842 1151 894 1216 die
908 1151 1079 1216 observare
1093 1149 1253 1237 principis
1275 1173 1381 1239 egres·

174 1275 245 1318 sum
272 1252 308 1317 iu
330 1252 512 1338 publicum,
541 1253 681 1319 insidere
710 1254 782 1319 vias
804 1253 955 1318 examina
983 1251 1161 1318 infantium
1189 1253 1381 1344 futurusque

173 1355 310 1443 populus
333 1355 465 1422 solebat.
502 1356 595 1422 labor
615 1356 806 1442 parentibus
828 1359 899 1422 erat
920 1358 1085 1421 ostentare
1106 1354 1258 1440 parvulos
1279 1357 1411 1444 impos

173 1458 317 1547 situsque
346 1459 524 1525 cervicibus
553 1460 721 1525 adulantia
749 1459 847 1525 verba
880 1458 1080 1544 blandasque
1111 1478 1206 1524 voces
1233 1460 1378 1526 edocere.

173 1561 352 1627 reddebant
374 1561 422 1628 illi
444 1584 528 1648 quae
548 1551 781 1648 mouebantur,
805 1583 844 1627 ac
865 1561 1010 1647 plerique
1024 1561 1133 1626 inritis
1147 1561 1300 1647 precibus
1314 1584 1380 1629 sur·

173 1664 232 1729 das
253 1664 412 1750 principis
440 1686 533 1731 aures
554 1666 786 1752 obstrepebant
813 1666 985 1752 ignarique
1007 1663 1084 1750 quid
1097 1669 1280 1751 rogassent,
1298 1666 1378 1752 ¹quid

172 1789 240 1833 non
268 1767 515 1853 impetrassent,
547 1769 650 1835 donec
683 1768 781 1855 plane
810 1769 949 1852 scireut,
984 1766 1228 1833 differebantur.
1275 1771 1315 1834 tu
1340 1790 1378 1834 ue

172 1869 283 1958 rogari
306 1871 434 1956 quidem
456 1870 640 1937 sustinuisti
668 1875 717 1957 et,
741 1893 934 1956 quamquam
955 1870 1167 1936 laetissimum
1189 1869 1295 1937 oculis
1317 1871 1406 1936 tuisu

174 1976 259 2038 esset
287 1977 463 2060 conspeetu
485 1973 650 2039 Romanae
678 1973 800 2039 subolis
822 1972 965 2058 impleri,
993 1994 1105 2039 omnes
1130 1976 1259 2059 tamen,
1291 1977 1377 2040 aute

172 2084 271 2163 quam
292 2079 325 2142 te
347 2077 495 2142 viderent
516 2076 699 2162 adirentve,
727 2076 828 2162 recipi
856 2075 956 2142 incidi
977 2077 1117 2160 iussisti,
1145 2079 1184 2140 ut
1209 2076 1277 2140 iam
1304 2076 1376 2142 iude

173 2179 216 2244 ab
236 2178 380 2245 infantia
401 2183 569 2266 parentem
591 2180 757 2267 publicum
771 2201 904 2246 munere
919 2179 1121 2244 educationis
1144 2176 1375 2263 experirentur,

109 2304 112 2308 ’
173 2285 355 2348 crescerent
383 2282 422 2347 de
448 2285 506 2348 tuo
533 2283 589 2368 qui
611 2285 792 2349 crescerent
812 2283 890 2362 tibi,
918 2281 1145 2367 alimentisque
1171 2279 1238 2346 tuis
1260 2281 1305 2368 ad
1326 2281 1376 2347 sti·

172 2384 292 2470 pendia
314 2388 371 2449 tua
392 2386 615 2471 pervenirent,
639 2389 831 2470 tantumque
847 2406 959 2450 omnes
980 2384 1039 2450 uni
1060 2382 1122 2449 tibi
1143 2387 1304 2469 quantum
1325 2405 1404 2471 par

109 2525 112 2530 ‹
173 2488 320 2555 rentibus
343 2488 409 2552 suis
431 2488 566 2574 quisque
587 2487 728 2576 deberet.
765 2490 864 2570 recte,
881 2486 1010 2572 Caesar,
1033 2485 1119 2572 quod
1133 2507 1225 2571 spem
1239 2484 1376 2552 Romani

174 2589 316 2657 nominis
338 2589 521 2675 sumptibus
542 2590 607 2656 tuis
630 2577 784 2676 suscipis(
812 2589 939 2660 ,nullum
967 2590 1017 2654 est
1038 2587 1127 2653 enim
1148 2609 1272 2675 magno
1294 2591 1377 2675 prin·

86 2705 91 2711 “
176 2694 247 2780 cipe
268 2691 610 2778 immortalitatemque
633 2693 787 2757 meriture
808 2689 965 2778 impendii
986 2713 1091 2777 genus
1114 2689 1259 2777 dignius,
1284 2712 1376 2778 quan

175 2796 260 2881 quod
283 2799 437 2882 erogatur
464 2795 499 2860 iu
527 2798 683 2881 posteros.
721 2794 897 2880 locupletes
925 2795 967 2860 ad
994 2793 1156 2859 tollendos
1184 2793 1306 2860 liberos
1332 2795 1377 2861 iu·

173 2897 287 2983 gentis
313 2898 457 2984 praemia
486 2900 518 2963 et
545 2920 640 2984 pares
667 2919 791 2983 poenae
818 2898 1051 2982 adhortantur3
1080 2897 1279 2982 pauperibus
1309 2901 1407 2964 edu-s

109 2996 112 3001 ⁴
155 2995 270 3066 'andi
292 3023 358 3066 una
385 3001 469 3066 ratio
497 3005 546 3066 est
574 3000 677 3065 bonus
699 3001 861 3085 princeps.
899 2999 953 3065 hie
981 3000 1100 3066 fiducia
1122 3000 1172 3065 sui
1194 3005 1378 3085 procreatos

174 3103 237 3169 nisi
266 3102 360 3190 larga
386 3125 487 3169 mauu
513 3103 618 3187 fovet,
654 3106 769 3188 auget,
801 3102 1024 3188 amplectitur,
1059 3124 1211 3168 occasum
1239 3105 1376 3190 imperii,

174 3226 325 3270 occasum
356 3208 404 3271 rei
430 3204 580 3291 publicae
612 3204 772 3270 accelerat
803 3204 989 3290 frustraque
1020 3227 1170 3291 proceres
1202 3203 1301 3291 plebe
1326 3230 1377 3273 ne·

175 3307 299 3393 glecta,
328 3311 366 3372 ut
388 3307 552 3374 desectum
575 3329 707 3393 corpore
730 3311 828 3393 caput
848 3312 1102 3395 nutaturumque
1129 3308 1281 3374 instabili
1302 3332 1377 3396 pon·

174 3410 265 3496 dere,
298 3413 419 3476 tuetur.
464 3410 561 3477 facile
592 3413 643 3476 est
672 3410 854 3475 coniectare
887 3412 970 3497 quod
1003 3411 1186 3498 perceperis
1213 3412 1403 3498 gaudiuma

174 3622 379 3631 ---————--

246 3761 264 3807 1.
280 3762 445 3824 expectatus
462 3758 527 3807 Acd
554 3763 731 3822 expectatum
752 3756 792 3810 be
820 3760 1052 3821 expectatamque
1076 3773 1146 3810 corr.
1166 3765 1345 3825 expectatum
1362 3758 1375 3822 β

243 3829 259 3877 3
278 3833 307 3878 et
325 3826 394 3876 illud
412 3825 645 3876 disiunctissimas
662 3832 749 3876 terras
767 3826 790 3873 A
813 3828 842 3875 et
860 3831 947 3874 terras
971 3825 1038 3874 illas
1056 3824 1294 3879 disiunctissimas
1312 3845 1376 3880 corr.

175 3893 243 3944 illud
264 3901 291 3945 et
310 3899 400 3945 terras
420 3893 653 3944 disiunctissimas
671 3909 688 3943 a
756 3891 979 3944 aadmonerea
1035 3891 1125 3945 'lec
1143 3897 1229 3946 oru.B
1300 3895 1375 3950 eau-

175 3969 309 4015 reutante
330 3968 413 4013 autea
433 3962 462 4015 G.
484 3964 520 4013 II.
539 3964 703 4024 Selureferua.
718 3963 836 4025 sortasse
854 3966 920 4011 ante
940 3967 967 4011 te
987 3960 1157 4013 adventante
1240 3979 1374 4032 egressum

175 4028 355 4098 publicum'A
424 4033 520 4082 9vias
539 4049 585 4082 orn.
605 4033 648 4086 Βς
719 4034 751 4082 10
769 4029 930 4080 solebautc
1001 4032 1032 4079 12
1051 4029 1096 4096 ac]
1119 4045 1209 4096 aeque
1229 4049 1300 4084 corr.
1320 4031 1374 4094 aad

176 4107 206 4151 at
225 4104 353 4154 Gesnerus
436 4103 467 4150 13
486 4101 684 4166 obstrepebant
700 4102 743 4149 Ac
763 4098 963 4163 adstrepebant
979 4100 1044 4155 Βᾱς
1132 4103 1164 4150 14
1177 4101 1343 4153 ditl‘erebnnt
1358 4101 1386 4149 B·

245 4173 277 4222 17
297 4170 496 4221 audirentucc
564 4169 649 4218 incidi
666 4170 731 4223 Βᾰς
749 4166 855 4217 includi
873 4182 894 4224 c,
914 4169 1003 4220 cnud
1061 4169 1415 4237 ·18parcutempubli-.³

177 4255 237 4290 cum
256 4243 313 4291 cod.
329 4240 467 4292 Mediats
486 4245 631 4303 pareutum
651 4237 792 4304 publicum
804 4237 867 4284 neu
886 4237 1024 4301 publicum
1039 4239 1217 4302 pareutumA
1270 4252 1374 4290 munere
1412 4244 1415 4311 l

174 4309 215 4358 Bc
236 4324 332 4359 munus
350 4308 394 4357 Ad
463 4309 495 4356 21
515 4309 632 4372 quisque
651 4308 714 4356 Acd
733 4306 857 4372 quisquis
877 4305 891 4366 β
909 4307 1099 4372 unusquisque
1117 4307 1133 4355 b
1214 4309 1249 4357 ‘22
1267 4309 1373 4374 sumpti·

174 4377 226 4427 bus
245 4379 364 4443 suscipis
383 4377 479 4426 tuisA
547 4379 581 4425 24
599 4375 754 4442 locupletes
773 4373 937 4439 (locupletos
957 4375 982 4440 β)
1002 4374 1211 4425 attollendosB
1282 4379 1316 4428 25
1333 4375 1413 4441 urb,

176 4444 322 4498 hortantur
340 4448 383 4495 Ac
404 4445 585 4506 cohortantur
602 4447 661 4501 ads
680 4443 931 4506 colrortabauturss
1035 4443 1170 4494 educandi
1187 4445 1210 4492 A
1234 4445 1374 4497 educandis
1409 4452 1413 4501 !

175 4514 260 4571 aare
362 4512 397 4565 ‘28
418 4514 523 4563 frustra
541 4515 671 4581 princeps
693 4514 774 4580 plebe
793 4525 809 4566 ς
828 4513 987 4578 frustraque
1004 4528 1136 4580 proceres
1153 4514 1286 4581 princeps
1305 4515 1373 4582 plebe
1407 4518 1412 4575 Ι

166 4586 280 4652 Lipsius
355 4586 389 4637 29
407 4583 546 4637 desectum
564 4585 585 4634 B
602 4583 742 4636 detectum
759 4583 824 4633 Acd
1405 4584 1410 4679 Ι·

1404 4726 1408 4755 r

1403 4762 1415 4815 ιὶ
