2934 4966
128 238 136 251 '
192 269 233 337 68
507 280 510 285 ·
718 274 884 333 c.ru1ur-

192 440 458 522 studiis-ternpus
480 435 634 523 eriperet;
656 456 783 523 quaer
806 457 903 504 causa
916 434 1040 503 Romae
1058 454 1186 522 quoque
1199 428 1282 501 sella
1305 429 1406 501 rebe·
1436 452 1441 459 ’

143 546 297 611 tdbotur.
332 543 445 626 repeto
475 546 528 605 ine
562 544 744 625 correptum
778 540 821 605 ab
848 560 887 605 eo
914 560 972 605 cur
998 538 1214 625 ambularem:
1240 541 1405 625 ‘poteras'

191 645 298 731 inquit
318 642 389 730 ‘has
411 642 508 708 horas
529 663 597 708 non
618 642 782 728 perdere’3
810 664 887 708 nam
909 642 1015 728 perire
1036 662 1133 707 omns
1159 644 1291 728 tempus
1314 639 1406 707 arbi-

142 746 350 831 libabatur,
373 745 457 831 quod
479 745 594 811 studiis
615 766 682 811 non
704 744 945 831 inpenderetur.
975 743 1038 810 hae
1057 744 1243 811 intentione
1261 747 1316 809 tot
1336 742 1406 809 ista

190 848 354 917 volumina
375 849 503 935 peregit
525 846 762 933 electorumque
791 847 1039 914 commentarios
1066 848 1197 913 oenum
1223 845 1432 933 sexaginta⁵

95 994 97 998 ·
192 953 271 1019 mihi
298 951 445 1037 reliquit,
481 949 754 1036 opisthographos
778 950 970 1037 quidemst
997 948 1405 1034 minutissime---scriptoa3

84 1131 86 1137 ¹
191 1079 255 1143 qua
277 1055 403 1120 ratione
432 1052 669 1138 multiplicatur
696 1051 750 1119 bio
777 1074 942 1147 uumerus.
978 1052 1142 1119 referebat
1160 1051 1232 1139 ipse
1245 1050 1407 1137 potuisse

191 1181 235 1243 se,
252 1180 325 1224 cum
339 1158 527 1242 procuraret
541 1155 577 1220 in
591 1154 764 1240 Hispania,
786 1157 926 1223 vendere
939 1155 1000 1223 bos
1014 1153 1263 1225 commentarios
1275 1150 1406 1241 Largio

191 1260 306 1327 Licino
332 1257 583 1346 quadringentis
604 1257 735 1323 milibus
756 1279 941 1343 nummum,
970 1261 1004 1325 et
1019 1261 1106 1346 *tune
1127 1257 1406 1343 aliquantopau·

143 1364 183 1430 18
193 1362 309 1429 ciores-
327 1363 434 1428 erant.
475 1381 586 1425 nonne
617 1359 744 1426 videtur
769 1360 832 1426 tibi
858 1360 1045 1427 recordanti
1075 1358 1445 1448 quantum51egerit,¹⁰

192 1467 348 1552 quantum
369 1453 547 1547 'scripserit
569 1483 633 1527 neo
653 1461 690 1527 iu
712 1461 829 1528 officiis
842 1462 920 1529 ullis
939 1484 1002 1529 nec
1021 1462 1059 1529 iu
1074 1461 1224 1529 amicitia
1237 1459 1404 1547 principis

192 1566 303 1651 fuisse,
332 1586 459 1650 rursus,
495 1585 568 1629 cum
595 1562 687 1629 audis
714 1557 791 1651 qirid
818 1562 933 1631 studiis
960 1564 1083 1631 laboris
1102 1562 1307 1659 inpenderit,
1335 1584 1404 1629 nee
1453 1596 1456 1601 Δ

192 1669 360 1756 scripsisse
386 1666 467 1733 satis
494 1688 557 1732 nee
583 1660 727 1753 legisse?
760 1666 838 1752 quid
863 1671 915 1733 est
935 1667 1023 1733 euim
1044 1666 1130 1754 quod
1149 1686 1224 1739 nou,
1240 1668 1301 1733 aut
1320 1664 1404 1733 illae

192 1771 420 1856 occupationes
451 1768 597 1854 inpedire
629 1772 687 1834 aut
714 1768 796 1837 baec
825 1770 986 1836 instantia
1010 1790 1079 1836 non
1106 1768 1211 1856 possit
1225 1830 1228 1835 .
1242 1766 1404 1835 effidem?

37 1933 38 1936 ,
144 1874 302 1959 ltiitaque
323 1870 411 1937 soleo
431 1871 552 1955 ridere,
572 1892 656 1937 eum
676 1892 729 1938 me
750 1871 881 1958 quidam
901 1871 1081 1938 studiosum
1101 1874 1239 1957 vocant,
1266 1870 1342 1957 qui,
1371 1868 1441 1937 aiu

194 1995 361 2061 comparer
374 1971 433 2056 illi,
456 1993 527 2038 sum
542 1971 822 2039 desidiosissimos.
852 1995 914 2061 ego
929 1977 1039 2039 autem
1052 1975 1192 2059 mutum,
1212 1993 1311 2059 quem
1324 1993 1403 2058 par-

192 2078 252 2142 tim
273 2074 404 2162 publica
431 2075 548 2159 partim
577 2058 755 2143 ainicormn
782 2075 892 2142 officia
913 2072 1141 2162 distringimt'?
1167 2076 1241 2162 quis
1261 2094 1305 2141 ex
1324 2074 1404 2141 istis

193 2179 248 2266 qui
276 2180 350 2244 tota
373 2177 442 2243 vita
464 2177 582 2243 litteris
610 2177 760 2245 adsident
781 2179 918 2244 collatus
943 2178 996 2245 illi
1019 2199 1087 2243 non
1112 2177 1206 2265 quasi
1227 2198 1346 2244 somno
1367 2180 1405 2243 et

142 2285 185 2348 20
193 2280 331 2346 inertiae
352 2279 481 2345 deditus
503 2280 696 2347 erubescet?
731 2281 863 2348 extendi
890 2279 1079 2367 epistulam,
1108 2300 1187 2347 oum·
1208 2278 1272 2349 boe
1293 2278 1403 2347 solum
1454 2346 1457 2353 ,

192 2382 277 2469 quod
310 2381 496 2468 requirebas
529 2383 670 2449 scribere
701 2375 932 2469 destinassem
962 2403 1043 2470 quos
1069 2382 1170 2449 libros
1195 2380 1459 2477 reliquissetzn·

193 2484 319 2550 confido
347 2487 456 2549 tamen
484 2483 565 2550 baec
592 2506 719 2571 quoque
740 2486 808 2562 ¹tibi
833 2508 904 2553 non
929 2485 1039 2553 minus
1065 2488 1162 2573 grata
1189 2506 1288 2571 quam
1309 2478 1403 2571 ἰρέος
1455 2498 1458 2503 ·

138 2590 145 2646 .“
191 2587 292 2652 libros
312 2586 440 2670 futura,
464 2607 546 2673 quae
568 2590 601 2653 te
622 2609 690 2653 non
704 2591 834 2654 tantum
857 2588 898 2655 ad
919 2587 1074 2674 legendos
1096 2609 1151 2653 eos
1164 2587 1402 2656 verumetiam

193 2689 233 2754 ad
255 2687 361 2754 simile
383 2687 504 2775 aliquid
526 2688 757 2756 elaborandum
777 2693 916 2777 possunt
937 2689 1164 2757 aemulationis
1184 2688 1326 2755 stimulis
1346 2711 1403 2756 ex·

193 2791 303 2857 citare.
335 2787 427 2857 vale(
610 2878 612 2882 .
981 2881 983 2885 y
1183 2850 1187 2857 .
1226 2831 1252 2867 μ

330 2891 334 2903 ’
765 2894 823 2962 VI.
1157 2920 1163 2928 “
1184 2904 1198 2962 ἦ
1257 2917 1279 2956 .’
1413 2927 1442 2970 η

483 3015 513 3072 c.
529 3016 679 3070 aelurus
697 3018 812 3070 auaro
830 3018 974 3070 sasnuo
992 3018 1064 3073 suo
1083 3019 1111 3072 s».
1132 2999 1136 3041 ³
1165 3065 1168 3069 .
1271 3055 1272 3058 ,

170 3139 180 3202 l
280 3132 333 3199 Ex
359 3132 541 3199 hereditate
568 3155 651 3219 quae
677 3133 759 3199 mibi
780 3134 913 3201 obvenit
939 3136 1003 3200 emi
1025 3135 1171 3221 pmxime
1192 3134 1401 3203 Corinthium

194 3235 335 3321 signum,
357 3236 518 3301 modicum
539 3236 679 3322 quidem,
703 3236 757 3301 sed
781 3237 932 3302 festivum
955 3242 989 3303 et
1010 3260 1215 3324 expressum,
1230 3243 1400 3332 ¹,quantum
1458 3238 1462 3245 ’

264 3396 278 3443 1
297 3392 398 3444 studiis
416 3391 543 3444 Gellarius
559 3393 645 3444 studii
663 3393 835 3456 HVFDpra
904 3410 1012 3461 quoque
1030 3396 1112 3448 omli
1189 3397 1339 3463 spatam
1357 3397 1402 3448 iu·

195 3460 261 3528 quid
278 3477 332 3513 nou
352 3461 466 3528 perdere
485 3463 576 3528 perire
596 3462 669 3514 enim
688 3462 878 3513 arbitrabatur
900 3464 966 3528 quia
990 3463 1057 3531 quid
1073 3462 1174 3516 stadiis
1190 3478 1248 3517 aon
1261 3464 1401 3532 'inpenda-

196 3584 272 3630 retur
288 3581 311 3629 V
330 3587 441 3646 poteras
460 3581 555 3648 inquid
573 3581 656 3633 boras
673 3598 727 3633 non
746 3545 927 3648 iupdiieretur
943 3573 972 3633 tt
1038 3586 1056 3634 4
1074 3585 1257 3651 inpertiretur
1274 3585 1360 3648 Ipsa

195 3648 296 3699 omiti
313 3663 396 3713 oru.p
474 3651 657 3702 minutissima
676 3652 774 3707 livre
791 3652 985 3703 minutissimis
1003 3654 1050 3702 FB
1068 3653 1192 3707 Riccard.
1208 3668 1250 3718 pa
1316 3654 1402 3721 ipo·
1447 3698 1450 3703 .

195 3717 281 3767 tuisse
300 3732 331 3767 se
349 3734 396 3783 om.
415 3718 436 3768 1¹
522 3721 538 3770 8
556 3736 586 3771 se
605 3734 667 3770 cum
684 3717 857 3786 procuraret]
873 3735 966 3770 secum
985 3721 1103 3785 probare
1121 3722 1145 3771 V
1215 3722 1353 3774 ‚uendere
1370 3724 1401 3773 in

194 3785 366 3852 Hispanias
450 3786 540 3853 largio
558 3787 640 3836 livi>
658 3789 780 3842 liircard.
799 3804 816 3846 ς
834 3789 918 3839 lartio
936 3789 979 3837 ra
1000 3790 1103 3840 Larcio
1119 3804 1136 3853 p
1153 3789 1303 3842 Laertius
1383 3793 1400 3841 9

195 3869 279 3922 ticino
296 3872 353 3921 HV
369 3870 466 3922 ticinio
483 3874 530 3922 PB
548 3872 670 3926 Iiiccard.
689 3885 747 3935 pra
837 3873 930 3925 CCCC
949 3889 1087 3924 nummum
1104 3875 1127 3924 1>
1214 3877 1245 3926 11
1262 3878 1400 3941 qnantum

196 3939 340 4004 scripserit
357 3956 405 3991 om.
423 3941 479 3989 nv
564 3941 592 3990 iu
611 3942 774 4009 apernicitia
791 3943 819 3990 Π
921 3943 1079 4008 principum
1099 3944 1245 3995 Οαεαςαςςς
1262 3958 1280 3993 a
1367 3945 1400 3993 lxi

87 4054 91 4060 .
196 4007 261 4070 quid
278 4006 432 4059 officiorum
450 4009 550 4060 stodiis
567 4024 585 4058 a
675 4026 727 4060 nec
752 4013 844 4075 priore
861 4015 917 4061 ioco
935 4025 1014 4061 orer
1100 4015 1133 4062 13
1150 4014 1221 4063 satis
1239 4010 1400 4077 neglegisae

197 4074 219 4123 V
272 4077 405 4127 autillae
425 4078 520 4134 Πτς
538 4084 587 4128 ant
605 4078 710 4129 ittera
728 4079 943 4129 autitlaltalia
963 4085 1045 4143 autp
1099 4084 1130 4132 lt
1143 4075 1271 4147 quidam]
1286 4078 1399 4144 quidem

196 4143 252 4191 BV
321 4147 368 4210 qui
387 4143 421 4211 si]
441 4148 520 4212 quasi
537 4148 559 4196 F
577 4147 698 4198 Riccorri.
771 4149 803 4197 16
820 4149 922 4213 purtim
946 4148 1060 4210 publica
1077 4151 1164 4200 omn
1253 4147 1400 4200 stettein

197 4210 346 4263 amicorum
364 4215 446 4278 Fpr*
516 4218 548 4266 19
566 4216 682 4267 extende
700 4231 716 4280 p
786 4231 848 4266 curn
866 4216 918 4266 boe
936 4217 984 4265 FB
1003 4216 1125 4269 liic-cmm
1144 4230 1180 4265 ra
1201 4216 1330 4281 quamuis
1348 4216 1416 4269 boe·

198 4279 275 4335 Ὴς
342 4284 374 4331 21
394 4284 545 4336 ῐίοἱοιπ.ι·
613 4285 773 4339 nonomti
842 4281 930 4350 ipsos]
951 4284 1047 4335 itloar
1114 4283 1337 4339 siveram.»

264 4347 550 4403 vissitatione.
573 4354 757 4417 HVFltpra:
787 4356 829 4404 ‘iu
855 4355 940 4404 iudice
966 4356 1132 4419 epistolarum
1157 4353 1223 4403 otro
1242 4351 1297 4403 ΙΙΙ
1320 4371 1401 4417 prae-

196 4416 271 4465 misso
297 4418 485 4472 iiiecerdionuu
502 4423 620 4473 Annium
645 4424 776 4474 Severum
803 4430 889 4481 uocat,
916 4425 1009 4488 ilioque
1036 4424 1134 4472 nomine
1158 4422 1280 4472 Seuerum
1308 4423 1402 4475 iterum

197 4491 273 4533 ismae
290 4484 333 4536 lid.
356 4488 385 4536 V
397 4496 473 4554 epist.
494 4495 517 4541 1.
541 4494 567 4542 in
590 4494 647 4557 ipso
669 4504 752 4543 autem
775 4499 897 4544 contextu
919 4492 969 4541 iltis
992 4491 1147 4542 neerrsdraais'
1164 4506 1215 4542 sex
1238 4490 1367 4556 epistotae
1383 4512 1402 4543 u

202 4551 227 4600 V
227 4551 242 4601 1
261 4554 297 4602 ad
315 4554 358 4603 XI
375 4558 482 4608 desunt’
