2934 4966
222 282 471 375 siracusanus
486 284 630 369 sa-s'oa
647 303 781 394 [so-ss.
803 317 843 368 rr.
860 305 913 390 ra]
937 313 1147 383 (ain-113)
1202 285 1208 290 ’
1233 304 1298 370 303

478 561 660 630 uxxrmr.
690 561 912 650 [unsrun]

377 686 409 738 C.
427 686 578 739 PLINIUS
597 685 761 739 TRAIANO
780 683 1015 739 IMPERATORI

55 799 71 884 J
179 803 342 890 Rogatus,
367 803 511 889 domine,
533 826 553 869 a
574 801 808 868 Nicaeensibus
828 801 957 886 publice
979 824 1037 888 per
1059 825 1097 868 ee
1117 825 1199 890 quae
1220 803 1301 869 mihi

94 910 128 973 et
149 910 227 973 sunt
249 911 283 971 et
297 906 418 972 debent
439 928 509 972 esse
524 904 745 989 sanctissima,
768 904 801 970 id
824 908 875 970 est
888 927 948 991 per
962 906 1189 972 aeternitatem
1211 900 1300 972 tuam

64 1009 312 1096 osalutemque,
330 1012 373 1074 ut
393 1030 515 1095 preces»
528 1030 604 1075 suas
626 1007 666 1073 ad
688 1011 723 1073 te
737 1008 925 1093 perferrem,
949 1009 1000 1074 sss
1022 1031 1089 1075 non
1111 1009 1221 1095 putari
1244 1031 1301 1074 ne·

94 1134 175 1200 gare
197 1115 428 1198 acceptumque
452 1112 555 1178 abiis
577 1109 723 1208 libellum
744 1110 820 1177 huic
843 1111 1001 1198 epistulae
1021 1112 1125 1181 iunxi.

387 1348 389 1353 ,
463 1280 927 1374 uxxxun.[uxxxv1n.]

536 1402 722 1459 TRAIANUS
745 1404 873 1488 Pplrlro

181 1522 432 1608 Nicaeensibus,
467 1523 523 1608 qui
550 1523 779 1589 intestatorum
812 1522 930 1589 civium
957 1527 1088 1590 sucrum
1116 1546 1302 1591 concessam

55 1647 83 1688 m
94 1627 349 1694 vindicationem
362 1626 520 1691 bonorum
543 1625 651 1691 adiro
665 1627 814 1712 Augusto
830 1626 1013 1711 adfirmant,
1035 1626 1166 1692 debebis
1186 1648 1303 1692 vacare

95 1731 273 1796 contractis
296 1728 446 1795 omnibus
460 1728 608 1814 personis
624 1727 665 1794 ad
680 1729 766 1795 idem
780 1729 948 1814 negotium
970 1729 1221 1815 pertinentibus,
1247 1730 1302 1795 ad·

94 1832 209 1898 bibitis
230 1831 345 1898 Virdio
367 1830 550 1897 Gemellino
577 1833 612 1896 et
638 1829 836 1918 Epimacho,
865 1831 982 1897 liberto
1003 1854 1091 1912 meo,
1115 1835 1302 1917 procurato

94 1935 201 2018 ribus,
225 1937 263 1999 ut
283 1933 463 1999 aestimatis
478 1925 577 1998 etiam
592 1931 632 1998 iis
650 1955 732 2019 quse
747 1937 862 1999 contra
877 1933 1031 2000 dicuntur
1044 1934 1129 2022 quod
1144 1936 1302 2020 optimum

96 2036 297 2105 credideritis
318 2036 482 2103 statuatis.

452 2180 462 2192 '
537 2206 699 2275 cxxxv.
725 2207 854 2296 [xviri

380 2330 411 2387 C.
430 2330 583 2385 PLINIUS
600 2331 763 2385 TRAIANO
781 2331 1013 2384 IMPERATORI

182 2448 377 2532 Maximum,
410 2447 563 2514 libertum
592 2451 625 2513 et
651 2452 894 2534 procuratorem
922 2453 1031 2533 tuum,
1065 2448 1211 2535 domine,
1244 2472 1304 2537 per

42 2578 44 2582 ⁴
95 2572 192 2618 omne
213 2554 342 2637 tempus
364 2573 427 2637 qno
448 2551 570 2617 fuimus
591 2574 657 2616 una
679 2553 816 2638 probum
838 2557 872 2618 et
892 2552 1144 2618 industrium-et
1165 2554 1303 2640 diligen·

10 2698 12 2703 ·
95 2660 164 2721 tem
186 2656 323 2738 sesicut
344 2655 391 2719 rei
414 2658 489 2720 tuae
504 2655 762 2720 amantissimum
784 2655 831 2720 ita
846 2654 1036 2741 disciplinae
1058 2656 1303 2721 tenacissimum
1374 2712 1375 2715 ,

55 2761 265 2844 eoexpertus,
293 2757 434 2823 libenter
460 2757 546 2842 apud
572 2761 607 2823 te
634 2759 822 2824 testimonio
850 2779 1024 2844 prosequor
1052 2780 1091 2824 ea
1115 2759 1189 2846 fide,
1206 2780 1303 2845 quam

94 2863 158 2928 tibi
180 2861 291 2927 debeo.

499 3032 667 3099 uxxxvr
683 3036 721 3103 A.
752 3031 898 3122 [narni

341 3184 343 3189 ·
381 3156 413 3208 C.
431 3156 585 3208 PLINIUS
599 3156 762 3209 TRAIANO
782 3154 1014 3207 IMPERATORI

185 3274 323 3341 Gavium
346 3270 500 3356 Bassum,
526 3274 671 3358 domine,
700 3273 901 3358 praefectum
923 3295 998 3338 orae
1020 3273 1192 3362 Ponticae,
1220 3278 1330 3345 intel

55 3397 84 3437 aa
98 3399 194 3464 grum
231 3377 368 3463 probum
409 3375 606 3460 industrium
649 3381 744 3463 atque
782 3377 869 3442 inter
908 3377 973 3442 ista
1006 3380 1303 3446 'reverentissimum

98 3481 162 3545 mei
185 3484 350 3564 expertus,
379 3482 454 3544 roto
476 3479 599 3563 pariter
620 3483 654 3544 et
675 3479 830 3568 suffragio
851 3500 1027 3565 prosequor
1055 3503 1093 3546 ea
1115 3481 1178 3547 fide
1205 3502 1304 3568 quam
1414 3466 1419 3473 ’

96 3582 159 3648 tibi
181 3583 290 3648 debeo.

167 3808 316 3861 LXXXIII
333 3809 376 3860 De
395 3810 563 3861 Nicensibns
584 3809 704 3862 .LV.·A
774 3809 1011 3860 3NicensibnsA
1080 3813 1150 3864 oab
1168 3811 1252 3863 hisA
1331 3831 1334 3836 ·

167 3878 328 3929 LXXXIIII
346 3881 362 3928 9
380 3878 588 3929 NicensibusA
675 3893 836 3929 concessam
863 3879 918 3929 sibi
935 3879 1150 3933 vindicationem
1170 3882 1304 3932 Monaese-

98 3963 145 3998 ncs
216 3949 247 3997 12
267 3947 423 3998 Gemellino
442 3962 459 3996 a
472 3946 622 3998 Pemellino
639 3946 663 3995 A

167 4014 295 4066 LXXXV
314 4015 495 4067 Commendat
514 4030 583 4081 qnos
600 4020 731 4082 expertus
755 4019 798 4066 est
817 4015 956 4069 .1.v1.s
990 4017 993 4020 ’
1078 4021 1109 4071 17
1128 4023 1205 4070 tunm
1225 4019 1303 4070 Gala·

97 4101 177 4137 naeus
195 4098 211 4134 ι
228 4100 318 4136 meum
337 4085 360 4134 A

166 4153 342 4204 LXXXVIA
372 4153 516 4217 Epistulam
533 4169 587 4203 enm
603 4153 695 4219 priore
712 4156 871 4204 coniunctum
889 4150 955 4204 in'A
972 4159 1106 4221 separavit
1124 4157 1269 4207 Calanaeus
1287 4172 1304 4205 a

166 4225 200 4273 24
220 4223 337 4274 Gabinm
357 4236 375 4271 a
393 4221 523 4272 Galbinm
541 4223 564 4269 A
633 4238 699 4273 orae
718 4223 856 4272 Ponticae
876 4223 1033 4274 Catonaens²
1050 4241 1116 4276 orae
1133 4226 1217 4276 Ponti
1235 4226 1258 4275 A

97 4291 253 4345 redebeo:
285 4306 366 4356 qnam
394 4306 429 4340 ea
456 4305 527 4355 quae
547 4297 641 4357 speret
659 4292 823 4341 instructum
842 4294 865 4340 A
891 4291 979 4343 debeo
1007 4309 1087 4357 quern
1116 4293 1151 4344 ad
1178 4308 1303 4360 eaquae

99 4368 194 4428 speret
211 4362 377 4411 instructum
395 4359 543 4411 Beroaldus
569 4361 665 4422 debeo,
693 4374 775 4426 quem
794 4360 902 4410 abunde
922 4377 969 4415 en.
998 4376 1069 4426 quae
1088 4368 1185 4427 speret
1201 4363 1304 4413 instru-

99 4437 174 4481 ctum
191 4445 209 4478 a
234 4429 341 4490 debeo,
371 4444 451 4494 quem
479 4429 588 4479 abunde
607 4432 738 4494 conspexi
758 4430 923 4479 instructum
943 4429 1099 4480 Cntcnnecs²
1127 4430 1215 4481 debeo
1233 4436 1304 4481 tem·

99 4515 182 4565 quam
201 4499 236 4548 ad
257 4515 290 4549 ea
310 4512 380 4563 qnae
400 4501 497 4562 sperat
514 4498 678 4549 instructum
697 4499 806 4549 coniecit
825 4497 941 4551 Orellius.
965 4514 1045 4548 novae
1064 4501 1189 4564 epistulae
1207 4502 1305 4552 initium

98 4576 169 4619 reete
197 4570 364 4618 constituerat
394 4569 539 4617 Coronaeus
564 4570 591 4617 in
615 4568 701 4632 prima
727 4568 848 4626 editione,
874 4565 971 4617 debeo.
986 4565 991 4634 Ι
1008 4567 1039 4622 C.
1058 4568 1165 4619 Plinius
1182 4568 1304 4622 Traiano

99 4637 165 4705 imp.
185 4635 213 4687 S.
231 4635 236 4701 Ι
251 4635 370 4686 Fabium
389 4635 534 4687 Valentem
553 4637 722 4688 instructum
