2934 4966
415 309 666 362 armruaaauu
681 306 757 359 vm.
774 304 815 356 ro.
830 282 872 356 ao.
888 300 923 369 (a
940 302 999 355 ros.
1014 299 1076 369 ros)
1162 323 1164 327 >
1294 288 1357 356 227

144 470 239 538 renis
266 486 428 552 sanusque
456 465 611 532 duxisset.
647 466 768 552 quippe
795 463 945 531 omnibus
971 463 1124 529 membris
1151 465 1299 529 extortus
1327 461 1390 527 era

147 573 272 651 fractus
299 571 411 635 tantas
439 589 516 655 opes
539 568 617 634 solis
639 568 742 635 oculis
766 567 879 634 obibat
907 588 946 631 ac
967 587 1010 630 ne
1031 566 1067 631 in
1089 564 1209 632 lectulo
1231 564 1361 652 quidem
1404 570 1407 574 '

148 674 213 740 nisi
228 671 270 737 ab
285 670 359 737 aliis
372 671 575 737 movebatur.
598 670 679 756 quin
689 671 789 737 etiam
804 670 948 758 (foedum
959 669 1242 755 miserandumque
1257 668 1361 754 dictu)

112 810 119 819 ·
148 776 263 843 dentes
283 773 442 841 lavandos
462 773 691 858 fricandosque
712 773 906 860 praebebat:
945 772 1092 837 auditum
1114 770 1301 862 frequenter
1323 792 1363 835 ex

105 879 236 965 eipso,
261 899 334 942 curn
356 881 544 964 quereretur
565 876 605 942 de
632 877 836 943 coutumeliis
859 876 1039 943 debilitatis
1062 896 1156 959 suae,
1185 874 1305 960 digitos
1328 894 1363 938 se

149 1002 316 1049 servorum
338 1001 469 1046 suorum
492 979 612 1046 cotidie
632 979 770 1066 lingere.
800 980 932 1046 vivebat
953 984 1069 1048 tamen
1094 982 1128 1043 et
1148 976 1257 1043 rivere
1278 975 1363 1042 role-
1375 976 1415 1040 10

149 1086 222 1169 but,
244 1084 450 1151 sustentante
464 1082 606 1150 maxime
628 1104 743 1168 uxore,
760 1106 842 1169 quae
858 1083 987 1168 culpam
1002 1079 1147 1147 inchoati
1162 1078 1363 1162 matrimonii

109 1204 112 1208 ’
148 1188 185 1254 iu
207 1186 344 1273 gloriam
371 1185 618 1273 perseverantia
638 1189 791 1252 verterat.
831 1185 932 1251 habes
961 1205 1073 1250 omnes
1100 1169 1229 1248 fabulas
1258 1182 1411 1248 urhisrll

149 1312 228 1356 nam
249 1291 328 1355 sunt
354 1309 466 1354 omnes
493 1289 625 1355 fabulae
655 1287 779 1356 Tullus.
818 1291 1009 1374 expectatur
1030 1286 1148 1353 auctio.
1191 1284 1256 1350 fuit
1277 1285 1364 1350 enim
1416 1307 1418 1311 ·

112 1397 220 1463 rotam
241 1392 406 1478 copiosus,
433 1394 472 1456 ut
493 1391 709 1477 amplissimos
730 1391 841 1457 hortos
864 1391 976 1457 eodem
997 1410 1061 1476 quo
1090 1391 1214 1454 emerat
1235 1388 1288 1454 die
1315 1387 1364 1452 in·

151 1495 306 1561 struxerit
327 1493 477 1580 plurimis
492 1497 534 1559 et
548 1493 783 1580 antiquissimis
805 1493 940 1559 statuis:
963 1496 1093 1558 tantum
1115 1491 1164 1556 illi
1186 1477 1363 1577 pulcherri-

150 1601 276 1664 morum
298 1618 432 1682 operum
453 1597 489 1662 in
508 1597 652 1682 horreis,
675 1619 758 1683 quae
780 1596 988 1683 neglegebat.
1022 1595 1162 1660 invicem
1184 1598 1235 1678 tu,
1258 1592 1365 1679 siquid

150 1703 226 1767 istic
253 1700 399 1792 epistula
419 1700 572 1787 dignum,
607 1722 651 1767 no
683 1721 828 1787 gramme.
862 1722 940 1765 nam
972 1721 1045 1764 cum
1073 1719 1166 1763 aures
1194 1695 1364 1775 hominum
1377 1697 1443 1779 12,

151 1803 298 1869 novitate
312 1802 487 1882 laetantur,
501 1807 571 1870 tum
582 1805 625 1869 ad
639 1803 800 1869 rationem
814 1802 902 1869 ritae
914 1800 1070 1887 exemplis
1082 1800 1256 1866 erudimur.
1280 1798 1363 1865 vale.

112 2013 139 2054 η
624 1953 626 1957 ’
688 1973 828 2041 xvuu.

285 2093 289 2101 '
505 2098 536 2150 C.
555 2097 704 2150 PLINIUS
722 2097 872 2150 MAXIMO
892 2097 963 2150 SUO
982 2097 1010 2152 S.

143 2207 147 2213 ’
239 2214 285 2280 Et
299 2215 454 2302 gaudium
469 2214 550 2280 mihi
572 2219 606 2280 et
620 2215 776 2280 solacium
790 2214 826 2279 in
840 2213 969 2297 litteris,
991 2213 1137 2299 nihilque
1152 2216 1222 2279 tum
1243 2211 1365 2279 laetum
1378 2217 1393 2279 1

153 2318 239 2404 quod
258 2317 312 2384 his
334 2316 468 2404 laetius,
491 2317 575 2383 nihil
597 2323 665 2383 tarn
685 2318 780 2384 triste
797 2317 883 2404 quod
897 2339 964 2382 non
979 2338 1038 2402 per
1059 2315 1118 2382 has
1133 2317 1240 2383 minus
1262 2317 1367 2383 triste.

153 2421 264 2506 itaque
286 2424 320 2487 et
340 2421 531 2487 infirmitate
545 2423 655 2487 uxoris
678 2425 712 2487 et
732 2442 876 2486 meorum
890 2421 1052 2506 periculo,
1075 2422 1277 2506 quorundam
1291 2442 1368 2486 vero

111 2512 255 2592 suetiam
276 2527 381 2590 morte
409 2524 558 2590 turbatus
586 2524 782 2590 ad'unicum
797 2525 915 2590 doloris
936 2524 1155 2608 levamentum
1170 2523 1278 2590 studia
1293 2544 1369 2589 con·

153 2625 243 2712 fugi,
263 2649 350 2713 quae
370 2627 540 2712 praestant
554 2629 591 2691 ut
606 2625 741 2691 aduersa
755 2627 861 2714 magis
877 2626 1085 2713 intellegam,
1110 2625 1165 2692 sed
1188 2626 1368 2712 patientius
1460 2696 1462 2700 ,

154 2729 270 2796 feram.
309 2733 361 2795 est
387 2731 498 2794 autem·
523 2728 604 2793 mihi
632 2728 730 2794 moris
752 2729 836 2814 quod
867 2752 938 2795 sum
961 2729 1095 2795 daturus
1116 2730 1152 2795 in
1174 2752 1290 2809 manus
1312 2729 1405 2812 hoa,

154 2831 281 2897 minum
296 2836 374 2899 ante
388 2833 566 2897 amicorum
580 2831 698 2897 iudicio
714 2832 909 2919 examinare,
932 2833 968 2897 iu
989 2832 1103 2918 primis
1125 2836 1191 2898 tuo.
1232 2833 1368 2918 proinde

156 2936 184 2999 si
207 2936 354 3020 quando,
377 2957 466 3001 nuuc
488 2935 623 3001 intende
645 2935 745 3020 libro,
769 2957 864 3021 quem
888 2958 960 3001 cum
975 2935 1038 3001 hac
1060 2935 1200 3020 epistula
1215 2934 1365 3022 accipies,

115 3039 234 3122 asquia
256 3059 367 3103 vereor
389 3060 431 3103 ne
452 3038 522 3123 ipse
545 3042 581 3102 ut
602 3038 707 3103 tristis
722 3061 838 3124 parum
856 3039 1063 3105 intenderim.
1098 3039 1257 3123 imperare
1280 3038 1368 3103 enim

156 3141 260 3207 dolori
281 3145 320 3206 ut
339 3140 515 3206 scriberem
537 3140 646 3226 potui,
676 3143 714 3205 ut
735 3163 836 3207 vacuo
860 3142 969 3207 animo
992 3140 1140 3226 laetoque
1168 3162 1236 3207 non
1264 3139 1366 3225 potui.

157 3265 254 3328 porro
268 3247 306 3309 ut
321 3266 360 3309 ex
376 3244 492 3309 studiis
507 3244 673 3330 gaudium,
690 3244 737 3309 sic
753 3244 862 3309 studia
875 3244 1042 3310 hilaritate
1057 3243 1262 3330 proveniunt.
1285 3243 1367 3308 vale.
1394 3258 1401 3273 ·

646 3445 650 3455 ·
693 3440 697 3446 ·
729 3414 803 3484 XX.

448 3523 451 3529 ’
516 3537 548 3592 o.
567 3508 862 3591 annumerato
882 3538 954 3591 suo
974 3539 1001 3591 s.

119 3682 147 3722 au
244 3656 299 3721 Ad
320 3677 402 3740 quae
424 3654 591 3721 noscenda
610 3656 674 3721 iter
695 3655 839 3742 ingredi,
863 3656 1086 3722 transmittere
1107 3676 1196 3720 mare
1218 3654 1394 3739 solemus]

159 3781 197 3823 ca
220 3758 396 3824 subuculis
410 3758 517 3844 posit-a
531 3758 752 3844 neglegimuS,
776 3781 832 3823 seu
847 3760 923 3844 quia
941 3761 989 3825 ita
1003 3748 1121 3824 natura
1136 3761 1369 3844 comparatum,
1450 3748 1452 3752 ’

159 3867 196 3927 ut
217 3862 437 3948 proximorum
459 3861 613 3926 incuriosi
636 3859 815 3946 longinqua
836 3866 1015 3945 sectemur,
1039 3883 1096 3926 seu
1118 3861 1368 3946 quodomnium

228 4146 246 4193 4
264 4140 389 4193 auditum
409 4147 452 4190 est
470 4140 633 4205 frequenter
651 4138 687 4188 ab
706 4140 768 4205 ipso
786 4154 802 4187 a
888 4137 905 4190 5
924 4143 1070 4204 quereretu
1088 4137 1122 4189 de
1139 4140 1167 4187 ht
1237 4153 1268 4189 ee
1286 4154 1333 4190 om.
1352 4153 1370 4187 ι

229 4211 424 4274 tliuguerca
493 4209 556 4257 8in
576 4207 666 4272 gloria
684 4207 923 4273 perseuerantiam
942 4210 970 4256 H
1056 4209 1153 4258 enam
1172 4211 1237 4256 suut
1254 4205 1370 4257 uenales
1429 4228 1433 4235 ·

160 4280 277 4330 tabulae
296 4279 368 4329 Tulli
388 4293 405 4326 a
475 4277 630 4326 auctiorhl
684 4279 715 4327 10
734 4283 840 4327 eruerat
861 4276 1023 4326 iustruxitr
1094 4279 1124 4324 12
1143 4274 1369 4340 negglegebathl

159 4349 363 4414 uuglegclratur
382 4363 398 4394 a
486 4348 518 4393 13
536 4345 601 4393 istic
619 4362 666 4395 oru.
685 4360 702 4394 a
790 4362 823 4394 uc
843 4361 962 4407 grauurc
980 4346 1007 4393 hl
1030 4361 1063 4394 uc
1084 4360 1202 4406 graucre
1220 4357 1287 4392 rue
1307 4360 1370 4408 grau

160 4435 225 4468 rrcre
246 4417 369 4466 scribi-rc
389 4431 457 4469 3110
478 4430 596 4477 grauium
615 4415 739 4464 scrihere
758 4429 775 4461 a
846 4418 877 4464 ll
897 4415 1037 4462 luctentur·
1057 4414 1198 4462 saturans·

230 4486 336 4536 Xl'llll
360 4489 390 4533 18
408 4484 478 4534 nihil
498 4501 546 4535 ωιι.
565 4485 623 4542 ur,
643 4485 740 4534 udde
810 4499 859 4548 por
878 4483 929 4531 lias
949 4484 986 4531 sit
1005 4485 1094 4531 urlinus
1112 4496 1128 4536 ς
1200 4484 1233 4531 ⁸20
1255 4496 1338 4530 uuum
1358 4495 1372 4529 r

230 4555 363 4618 confugio
381 4568 398 4602 a
467 4556 500 4602 2¹3
519 4553 679 4602 exanimare
696 4553 723 4600 hl
792 4554 826 4601 ‘24
845 4551 959 4602 intrude
978 4551 1078 4602 librum
1098 4565 1188 4600 meum
1208 4565 1314 4615 quemr
1331 4551 1371 4598 in·

161 4623 244 4677 tende
263 4625 293 4673 in
311 4622 412 4673 librum
431 4637 517 4672 marum
537 4636 619 4685 (prtem
638 4635 655 4676 ς
725 4623 759 4673 25
778 4621 832 4688 ipsi
850 4635 869 4670 a

1133 4704 1188 4753 hh*
