2934 4966
535 321 780 375 numeramus
801 315 853 389 sc,
865 315 908 368 ao.
929 315 973 368 se.
1292 300 1358 370 345

151 479 240 546 tibus
267 478 553 547 innocentissimus
586 478 721 568 quisque
752 480 833 544 tunc
864 473 1116 540 nocentissimus
1149 473 1357 562 adfigeretur,

114 604 116 608 ⁴
153 601 290 667 cumque
308 579 432 649 insulas
459 605 590 668 omnes,
617 604 697 669 quas
724 579 819 647 modo
849 579 1051 662 senatorum,
1084 577 1151 643 iam
1178 576 1360 645 delatorum
1458 660 1462 667 ι

151 683 250 766 turba
271 686 462 773 compleret3
489 708 570 775 quos
597 684 725 772 quidem
752 704 819 749 non
841 680 877 746 iu
905 700 1060 767 praesens
1086 682 1217 767 tantum
1245 680 1360 747 sedin

152 790 321 854 aeternum
343 789 526 876 repressisti
548 788 637 855 mille
658 807 836 875 poenarum
850 783 1008 868 indagine
1022 781 1175 850 inclusos.
1213 787 1360 870 ereptum
1412 836 1416 840 .

125 890 277 968 oalienas
299 892 454 979 pecunias
476 895 571 978 eunt,
594 889 735 978 perdant
755 910 835 976 quas
850 887 989 972 habent,
1011 886 1172 973 expellere
1186 886 1360 974 penatibus

154 995 319 1081 gestiunt,
343 996 410 1061 suis
432 995 645 1061 exturbentur
659 1013 780 1080 neque,
803 995 842 1058 ut
861 993 971 1075 antea,
994 1010 1191 1077 exsanguem
1212 988 1305 1054 illum
1327 995 1361 1055 et

151 1095 292 1163 ferream
313 1097 455 1163 frontem
477 1099 673 1184 nequiquam
695 1095 993 1176 convulnerandam
1019 1093 1201 1180 praebeant
1228 1091 1361 1181 punctis

153 1202 186 1265 et
207 1202 303 1264 notas
324 1220 399 1266 suas
420 1199 565 1286 rideant,
597 1199 654 1266 sed
682 1200 856 1285 expectent
869 1196 970 1285 'pario
990 1195 1136 1282 praemio
1158 1194 1279 1260 damna
1299 1216 1362 1260 nec

152 1301 291 1366 maiores
321 1322 394 1387 spes
422 1324 519 1389 quum
546 1296 652 1368 metus
679 1300 826 1366 hcbeant
853 1289 1056 1384 timeantque
1083 1299 1242 1385 quantum
1268 1292 1362 1364 time

114 1423 140 1463 10
153 1404 285 1471 bantur.
326 1404 457 1491 ingenti
484 1404 614 1491 quidem
647 1403 757 1469 animo
790 1401 883 1469 divus
911 1400 1004 1467 Titus
1035 1399 1202 1466 securitati
1229 1403 1362 1468 nostrae

152 1506 333 1593 ultioniquc
366 1509 576 1593 prospexerat
611 1505 747 1596 ideoque
784 1504 973 1571 numinibus
1007 1507 1164 1590 aequatus
1197 1506 1256 1571 est.
1279 1535 1281 1538 ·
1305 1504 1360 1570 sed
1422 1533 1424 1538 ¹
1459 1494 1462 1502 ’

154 1610 280 1697 quanto
299 1613 337 1675 tu
360 1609 553 1696 quandoque
580 1608 712 1697 dignior
733 1607 836 1691 caelo,
865 1606 920 1694 qui
948 1610 1000 1673 tot
1026 1628 1078 1672 res
1108 1605 1180 1672 illis·
1203 1606 1360 1693 adiecisti,

153 1715 288 1799 propter
315 1733 395 1798 quus
422 1711 514 1777 illum
543 1711 638 1777 deum
665 1710 818 1776 fecimus!
846 1708 880 1774 id
905 1708 968 1774 hoc
989 1709 1095 1797 magis
1125 1708 1260 1775 arduum
1277 1707 1361 1796 tuit,

154 1814 239 1900 quod
265 1815 442 1900 imperator
468 1813 578 1880 Nerva
605 1817 638 1880 te
667 1813 752 1899 filio,
781 1815 815 1878 te
843 1832 1026 1878 successore
1053 1811 1264 1897 dignissimus
1291 1835 1363 1900 per·

115 1938 142 1979 se
154 1921 253 2002 quam
275 1938 398 2004 magna
419 1916 576 2003 quaedum
598 1915 703 1982 edicto
717 1915 784 1982 Titi
799 1913 1005 1980 adstruxerat
1025 1914 1173 2002 nihilque
1194 1915 1363 2003 reliquisse

153 2018 220 2085 nisi
245 2018 309 2085 tslsi
334 2019 520 2106 videbatur,
548 2019 603 2107 qui
631 2021 701 2084 tum
729 2018 835 2084 multa
861 2018 1073 2105 excogitasti,
1102 2020 1140 2084 ut
1165 2017 1194 2083 si
1223 2021 1301 2085 ante
1327 2021 1362 2085 te
1434 2087 1442 2095 ,

153 2121 348 2189 nihil'esset
365 2122 545 2189 inventum.
581 2138 664 2208 quae
683 2119 814 2208 singula
828 2123 987 2207 quantum
1008 2119 1071 2185 tibi
1093 2120 1219 2207 gratiae
1233 2119 1363 2208 dispen·
1414 2160 1433 2187 -.=

154 2228 227 2292 sata
248 2225 459 2291 adiecissent!
488 2227 524 2291 at
549 2227 588 2292 tu
614 2224 709 2293 sinu
737 2223 847 2291 omnia
873 2221 1063 2308 profudisti,
1092 2225 1129 2288 ut
1156 2222 1205 2289 sol
1232 2227 1266 2289 et
1293 2223 1362 2290 dies
1458 2311 1460 2315 .

154 2348 222 2393 non
243 2330 337 2414 parte
358 2325 484 2414 uliqua,
508 2326 562 2393 sed
579 2326 692 2393 statim
713 2328 816 2412 totus,
840 2346 902 2391 nec
922 2325 981 2391 uni
1003 2328 1061 2391 aut
1082 2325 1176 2391 alteri
1182 2377 1192 2412 ,
1217 2326 1274 2393 sed
1296 2348 1362 2393 om·

115 2431 251 2513 sonibus
274 2431 309 2502 in
332 2450 501 2496 commune
522 2427 695 2515 profertur.
742 2436 745 2442 '
805 2438 831 2444 ''
911 2457 925 2478 =

241 2530 345 2615 Quum
373 2532 465 2598 iuvat
493 2553 624 2598 cernere
653 2531 813 2597 aerarium
836 2530 936 2596 silens
970 2532 1004 2596 et
1030 2531 1175 2618 quietum
1204 2534 1239 2599 et
1264 2532 1359 2620 quale
1368 2533 1412 2600 36

155 2639 234 2702 ante
256 2634 416 2702 delatores
438 2636 523 2699 erat!
547 2655 636 2700 nunc
657 2633 815 2720 templum
836 2633 932 2719 illud,
955 2628 1044 2700 nunc
1065 2655 1140 2700 vere
1162 2624 1273 2721 aedes,
1295 2657 1363 2701 non

155 2737 345 2826 spoliarium
367 2737 486 2804 civium
509 2740 779 2822 cruentarumque
800 2735 995 2823 praedarum
1023 2758 1154 2804 saevum
1176 2740 1363 2825 receptacu-

155 2840 223 2907 lum
246 2861 285 2907 ac
306 2843 375 2907 toto
397 2840 432 2906 in
454 2839 532 2906 orbe
553 2843 713 2906 terrarum
735 2838 841 2906 adhuc
868 2839 958 2906 locus
985 2833 1069 2905 unus
1090 2841 1127 2906 in
1149 2862 1212 2927 quo
1239 2841 1363 2929 optimo

117 2942 306 3031 asprincipe
326 2943 405 3008 boni
427 2942 522 3008 malis
544 2943 686 3029 impares
709 2945 829 3009 essent.
861 2946 973 3009 manet
994 2946 1105 3009 tamen
1119 2943 1225 3010 honor
1239 2942 1360 3031 legum,
1390 2948 1394 2954 ’

155 3045 302 3133 nihilque
324 3067 364 3112 ex
385 3045 516 3132 publicu
537 3045 680 3112 utilitate
703 3045 907 3132 convulsum,
930 3068 992 3111 nec
1013 3067 1120 3134 poena
1142 3047 1293 3133 cuiquam
1314 3069 1363 3113 re·

156 3149 270 3235 missa,
300 3148 358 3216 sed
379 3148 489 3214 addita
518 3152 568 3214 est
588 3149 686 3234 ultio,
715 3148 881 3235 solumque
909 3152 1069 3215 mutatum
1090 3148 1177 3237 quod
1203 3148 1268 3214 iam
1295 3169 1363 3215 non

157 3251 334 3337 delatores,
358 3250 413 3317 scd
436 3251 525 3337 leges
547 3251 713 3316 timentur.
750 3253 785 3316 at
806 3251 945 3317 fortasse
966 3273 1034 3318 non
1057 3252 1170 3319 eadem
1191 3251 1364 3319 severitate

156 3355 271 3422 fiscum
293 3377 358 3441 qua
379 3353 538 3420 aerarium
562 3353 707 3439 cohibes,
734 3353 834 3419 immo
860 3343 955 3422 tanto
981 3354 1118 3441 maiore,
1146 3357 1269 3441 quanto
1290 3353 1363 3440 plus
1420 3392 1424 3401 ·

157 3540 361 3561 -ι-ὑ-ι·

228 3672 241 3720 1
259 3672 327 3720 tuno
344 3665 558 3718 nocentissimus
575 3667 689 3718 Βιιιιιιο
713 3666 929 3718 nocentissimus
947 3669 970 3718 A
992 3671 1059 3718 tunc
1082 3665 1329 3719 innocentissimus
1347 3669 1364 3716 d

114 3757 118 3764 ·
227 3737 439 3803 affligereturA
507 3736 571 3786 3in
590 3737 789 3802 proseus'Bad
807 3735 1001 3801 impresensA
1079 3732 1204 3804 nmine]
1223 3736 1253 3786 in
1271 3735 1363 3786 illaA

226 3809 328 3858 tannt
345 3805 414 3854 ABd
432 3803 549 3855 eantA²
618 3804 771 3870 prodantll
857 3806 923 3854 dut
942 3801 1039 3871 antea]
1060 3809 1176 3855 utantur
1194 3805 1278 3855 eisA
1346 3805 1362 3854 'l

157 3875 344 3940 nequicquam
362 3874 432 3923 Asu
500 3872 584 3924 Bsed
603 3877 753 3939 expectent
770 3870 931 3925 Scluourzius
949 3873 998 3924 sed
1016 3878 1144 3940 spectent
1160 3875 1230 3924 Aac
1271 3872 1364 3938 -paria

157 3944 282 4011 praemio
299 3941 402 4003 darum
418 3942 540 4010 Blparia
557 3944 644 4012 premi
658 3979 664 3991 .
677 3940 760 4005 (corr.
772 3944 807 3991 al.
821 3959 888 3995 man.
900 3941 1018 4008 premio)
1037 3942 1138 3993 damna
1151 3944 1168 3991 d
1185 3941 1268 4008 paria
1287 3955 1364 4007 prae·

157 4012 215 4063 mia
233 4028 267 4063 ac
286 4011 388 4062 damna
405 4009 428 4060 A
445 4026 495 4076 pro
514 4011 637 4076 praemio
656 4008 757 4061 damus
771 4011 833 4061 'cod
853 4011 959 4062 :llediot
1056 4011 1211 4062 9timeant
1230 4013 1387 4075 qnantum*
1458 4030 1460 4034 ·

157 4080 181 4132 A
262 4082 295 4131 10
312 4079 394 4130 diuus
412 4085 477 4130 tuns
495 4078 599 4141 titusss
688 4081 718 4129 12
738 4074 913 4146 quaudoque]
935 4079 1045 4143 quando
1063 4081 1087 4130 A
1174 4078 1232 4130 illis
1257 4079 1364 4143 Lipsius

157 4149 203 4201 illi
219 4150 285 4204 Βᾱς
302 4147 350 4199 illo
368 4149 392 4198 A
462 4151 493 4199 13
511 4146 588 4197 illum
607 4144 687 4198 deum
705 4150 728 4196 A
747 4147 832 4197 aliurn
851 4147 932 4197 deum
950 4148 992 4197 Bd
1064 4150 1242 4214 superquam
1260 4161 1364 4213 magna

158 4219 329 4284 Caspinr'cznus
347 4232 495 4283 perquem
513 4231 615 4281 magna
632 4218 715 4267 And:
734 4221 880 4283 postquam
899 4231 1002 4280 magna
1019 4243 1054 4253 -
1076 4217 1268 4274 adstruxerat.
1292 4214 1365 4266 nihil

158 4287 305 4352 reliquisse
324 4302 360 4336 ex
377 4286 489 4336 editione
508 4285 671 4337 Asccusiuna
690 4286 819 4336 Gesnerus
889 4287 921 4335 15
940 4282 1010 4351 Titi]
1033 4285 1118 4335 tibib
1189 4285 1221 4334 16
1239 4284 1295 4334 nisi
1314 4300 1363 4336 om.

158 4368 176 4411 ς
245 4357 278 4407 18
296 4353 445 4421 profudisti
463 4367 479 4409 ς
497 4353 647 4420 perfudisti
664 4355 734 4406 Asu
803 4359 833 4404 ut
856 4351 897 4404 sol
916 4354 1025 4404 utdies
1043 4351 1212 4420 utparteA
1281 4352 1363 4403 acin

158 4424 270 4475 comuni
288 4425 303 4487 β
441 4425 474 4473 ‘22
494 4422 579 4473 uoles
597 4424 622 4474 1.
642 4425 672 4474 st.
694 4424 837 4475 Gronovius
854 4422 906 4474 obs.
926 4422 973 4471 IV
990 4425 1023 4472 10
1041 4422 1108 4473 dens
1130 4422 1200 4471 ΔΜ
1217 4420 1263 4472 dei
1282 4418 1364 4472 sedes

158 4492 320 4545 Scltwmius
378 4507 433 4543 non
451 4490 612 4557 spoliarium
630 4494 698 4545 aar
714 4507 787 4542 nunc
805 4490 1009 4556 spoliariumA
1096 4492 1129 4541 :34
1148 4487 1194 4556 ac]
1213 4490 1260 4555 qui
1280 4491 1365 4542 Gicri·

155 4563 214 4627 pius
271 4564 350 4680 b25
368 4562 490 4628 impares
508 4560 564 4610 siut
583 4561 612 4612 (i.
632 4563 669 4612 H.
687 4561 846 4626 Scluacscrus
948 4560 981 4610 26
999 4558 1072 4611 nihil
1089 4558 1164 4611 exA
1258 4554 1362 4626 poena]

158 4644 253 4696 penna
701 4649 706 4657 ·
