2934 4966
174 285 242 350 290
581 300 615 349 c.
635 300 736 350 rauu
756 301 804 350 rrr
824 301 974 351 rarrasr

131 459 135 463 ’
175 458 251 520 aeta
279 453 373 520 Bassi
399 454 538 520 rescissa
564 455 739 542 datumque
766 479 788 521 a
813 460 931 523 senatu
957 456 1010 521 ins
1030 454 1182 521 omnibns
1202 454 1245 520 de
1265 454 1384 541 quibus

175 556 232 622 ille
254 556 376 642 aliquid
398 558 622 623 constituisset
642 581 682 624 ex
707 560 837 646 integro
857 559 993 646 agendi,
1022 558 1193 625 dumtaxat
1211 579 1273 644 per
1292 557 1384 623 bien-

175 661 282 744 nium,
303 660 504 746 interrogari
526 660 613 727 bunc
636 684 731 748 quem
752 662 971 750 relegaverat,
997 684 1041 726 an
1063 659 1186 726 adisset
1205 659 1383 727 docuisset-

144 763 237 849 5qne
264 764 506 848 proconsulem:
533 773 666 844 aequm.
701 787 760 851 per
786 766 872 853 qnod
892 765 1044 831 effectum
1065 765 1117 828 eet
1144 766 1184 827 nt
1208 766 1245 827 te
1267 784 1384 829 consn·

175 866 294 944 lerem‚
325 864 524 931 reddendum
545 889 620 933 eum
640 890 765 953 poenam
786 890 865 934 snae
886 891 930 933 an
950 867 1083 952 gravius
1104 865 1230 951 aliquid
1250 869 1285 931 et
1307 867 1406 952 quida

175 969 377 1054 potissimum
405 969 669 1036 constituendum
695 975 828 1057 putares
849 976 882 1036 et
909 971 945 1036 in
967 969 1056 1035 hunc
1077 972 1111 1034 et
1131 968 1169 1032 in
1195 989 1269 1051 eos,
1299 970 1382 1055 siqui

173 1071 260 1137 forte
274 1072 310 1136 in
321 1071 421 1136 simili
432 1072 622 1139 condicione
636 1074 869 1140 invenirentur.
893 1073 1059 1139 decretum
1070 1069 1164 1139 Calvi
1179 1075 1213 1137 et
1226 1070 1381 1156 edictum,
1451 1098 1456 1143 ;

174 1174 255 1239 item
277 1173 442 1240 decretum
464 1171 560 1240 Bassi
580 1174 632 1240 his
653 1175 772 1242 litteris
794 1176 927 1242 subieci
1451 1152 1457 1233 l

647 1346 752 1414 nvn.
776 1346 905 1435 [mu]
1449 1334 1462 1417 l

607 1470 793 1523 TRAIANUS
814 1470 943 1523 Panno
1105 1516 1108 1521 .
1393 1475 1414 1515 ιο
1449 1508 1453 1519 .

147 1591 166 1654 1
262 1585 346 1662 Quid
373 1585 410 1650 in
436 1607 577 1671 persona
606 1609 717 1652 eorum
738 1585 947 1652 statuendum
968 1587 1029 1671 sit,
1057 1586 1114 1672 qui
1141 1608 1163 1651 a
1182 1584 1222 1651 P.
1245 1583 1381 1652 Servilio
1447 1586 1467 1658 '1

71 1734 75 1740 -
176 1687 276 1756 calvo
303 1687 495 1773 proconsule
520 1689 556 1752 in
583 1689 761 1755 trienninm
788 1688 927 1775 relegati
954 1692 989 1755 et
1007 1709 1083 1754 mox
1104 1687 1248 1753 eiusdem
1276 1688 1381 1754 edicio
1446 1698 1450 1707 '

174 1791 318 1857 restituti
338 1791 374 1855 in
396 1790 565 1876 provincia
583 1796 820 1875 remanserunt,
840 1791 987 1877 proxime
1007 1790 1070 1856 tibi
1090 1789 1285 1873 rescribam,
1309 1812 1379 1855 eum

144 1896 292 1962 recusas
320 1893 388 1957 eins
414 1892 497 1958 facti
518 1915 539 1956 a
560 1893 660 1959 Calvo
681 1895 868 1980 requisiero.
897 1895 952 1980 qni
978 1916 999 1959 a
1020 1892 1105 1959 Iulio
1126 1890 1229 1958 Basso
1250 1893 1288 1959 in
1310 1914 1379 1978 per-
1444 1909 1446 1937 ³

173 1999 307 2081 petrum
328 1995 493 2082 relegatus
515 2000 581 2080 est,
605 2018 678 2061 omn
699 2019 758 2083 per
778 1996 946 2062 biennium
968 1995 1089 2082 agendi
1110 1994 1305 2061 facultatem
1324 1995 1409 2061 ha·¹⁵
1443 1986 1446 1997 ’

172 2097 297 2183 buerit,
321 2099 350 2163 si
371 2098 580 2163 existimabat
593 2121 628 2164 se
649 2099 771 2164 iniuria
791 2098 989 2185 relegatum,
1012 2119 1118 2184 neque
1137 2097 1173 2163 id
1191 2097 1313 2164 fecerit
1333 2101 1378 2164 at-
1443 2095 1446 2101 ’

172 2223 237 2289 qne
258 2202 294 2266 in
310 2201 476 2286 provincia
490 2203 611 2266 morari
632 2203 861 2288 perseverarit,
883 2202 1013 2267 rinctus
1031 2200 1120 2266 mitti
1140 2198 1183 2265 ad
1196 2201 1377 2286 praefectos

174 2304 329 2392 praetorii
349 2304 414 2369 mei
436 2303 543 2369 debet.
573 2327 679 2391 neque
693 2304 781 2370 enim
802 2303 927 2369 sufficit
946 2325 1021 2368 cnm
1040 2323 1166 2387 poenae
1186 2323 1267 2368 snae
1287 2303 1378 2369 resti·
1442 2374 1446 2395 Ι
1466 2384 1467 2389 ¹

174 2408 240 2492 tui,
262 2428 360 2493 quam
381 2406 586 2472 contumacia
602 2397 714 2473 elusit.
1466 2413 1467 2417 ’

632 2576 921 2664 LVIH.[LXV1.]
1387 2599 1410 2639 a
1443 2547 1447 2553 ’

456 2699 488 2752 c.
506 2700 655 2753 PLINIUS
672 2700 835 2753 TRAIANO
853 2700 1086 2753 IMPERATORI

148 2824 165 2886 l
260 2818 341 2886 (lum
356 2818 491 2883 citarem
513 2817 649 2901 iudices,
673 2818 816 2903 domine,
839 2822 1034 2884 conuentum
1055 2818 1376 2906 inchoatmnsflla·

146 2922 247 2990 trias
262 2920 449 3007 Archippus
464 2921 667 2987 vocationem
687 2924 799 3006 petere
814 2921 921 3007 coepit
939 2923 979 2986 nt
999 2920 1221 3008 philosophus.
1243 2922 1377 2989 fuerunt
1442 2910 1446 3017 j

175 3025 232 3111 qui
254 3025 400 3090 dicerent
412 3045 480 3089 non
501 3023 704 3089 liberandum
720 3046 793 3088 eum
813 3022 978 3089 iudicandi
1001 3013 1213 3102 necessitate,
1234 3025 1293 3090 sed
1313 3046 1376 3090 om·

176 3128 256 3192 nino
278 3127 457 3193 tollendum
472 3126 512 3191 de
533 3126 675 3192 iudicum
690 3148 825 3191 numero
846 3125 1105 3212 reddendumque
1119 3148 1259 3212 poenae,
1283 3137 1408 3212 qnamffi
1466 3109 1467 3143 ¹

146 3229 290 3297 3fractis
319 3230 458 3296 vinculis
480 3230 644 3294 evasisset.
681 3230 818 3295 recitata
839 3233 889 3293 est
909 3229 1072 3294 sententia
1093 3226 1168 3294 Veli
1189 3228 1285 3294 Pauli
1306 3249 1375 3315 pro-
1466 3253 1467 3308 1

176 3333 316 3399 consulis
322 3383 332 3417 ,
360 3355 425 3419 qua
453 3332 652 3417 probabatur
672 3331 859 3418 Archippus
886 3331 1022 3397 crimine
1048 3329 1125 3396 falsi
1147 3331 1376 3396 damnatoria

174 3435 352 3501 metallum.
385 3436 441 3500 ille
463 3435 545 3500 nihil
572 3435 772 3520 proferebat,
798 3456 862 3519 quo
889 3435 1073 3498 restitutum
1095 3456 1130 3499 se
1151 3433 1303 3519 doceret3
1324 3434 1375 3499 ad·

36 3590 39 3597 .
175 3536 307 3626 legabat
327 3543 438 3604 tamen
454 3561 513 3624 pro
527 3539 733 3605 restitutione
754 3540 787 3603 et
807 3535 953 3602 libellum
974 3558 1042 3630 ase
1057 3534 1247 3602 Domitiano
1268 3536 1376 3602 datum
1465 3564 1467 3656 4

176 3645 210 3707 et
231 3643 385 3728 epistulas
408 3643 476 3708 eius
498 3644 540 3707 ad
554 3642 709 3707 honorem
732 3663 824 3705 suum
838 3639 1040 3725 pertinentes
1061 3650 1092 3704 et
1112 3639 1280 3707 decretum
1300 3639 1407 3705 Pru-³⁰

175 3745 329 3810 sensium.
365 3744 505 3810 addebat
532 3744 583 3809 his
610 3748 644 3809 et
664 3748 738 3809 tuas
765 3743 891 3807 litteras
913 3743 1051 3826 scriptas
1073 3742 1152 3828 sibi,
1180 3743 1321 3809 addebat
1347 3745 1377 3807 et

245 4024 259 4071 1
279 4020 428 4088 datumque
447 4022 641 4087 adlatumque
659 4019 682 4070 A
767 4025 784 4072 3
803 4019 917 4070 adiisset
934 4019 958 4068 A
1041 4021 1061 4070 4
1077 4021 1192 4088 negauit
1202 4037 1251 4073 our.
1267 4021 1300 4083 A,
1317 4016 1374 4069 add.

178 4090 323 4140 &tanceas
403 4093 473 4142 ban
493 4090 659 4140 reddendum
680 4089 835 4140 carnaeae
1237 4124 1241 4132 .
1405 4120 1409 4129 .

245 4174 323 4226 LVII
342 4175 484 4240 Epistulam
501 4193 556 4226 cam
572 4177 708 4240 superiore
726 4177 885 4226 coniunctum
902 4175 980 4226 dubet
996 4176 1032 4236 A,
1058 4178 1201 4241 separatim
1225 4175 1376 4239 postcunt
1398 4197 1402 4204 ·

180 4242 293 4295 Traiano
310 4246 459 4310 inscriptam
477 4258 494 4292 a
562 4246 593 4294 11
613 4245 640 4293 in
660 4258 841 4309 perronama
912 4246 943 4294 14
961 4242 1034 4312 eiua]
1055 4244 1137 4296 huius
1154 4258 1171 4293 a
1234 4242 1267 4292 16
1285 4240 1376 4291 existi·
1436 4266 1442 4301 1

177 4312 447 4447 ίιιιιυιζὶ)ἱιιξιἔξιιὶιῑιῖιαεωῑ
465 4312 649 4364 existimata
737 4315 767 4363 Π
786 4315 1009 4380 perseuerauerit
1024 4327 1042 4362 a
1117 4315 1249 4376 requam
1272 4310 1375 4362 Berorl·
1436 4316 1442 4435 l

246 4467 338 4518 nvnr
356 4470 399 4519 ne
418 4470 558 4535 Archippo
576 4467 740 4536 philosopho
759 4484 776 4520 ιι
844 4471 878 4520 aa
896 4470 1071 4521 aaronem
1089 4483 1106 4518 ι
1174 4469 1209 4518 aa
1226 4480 1281 4518 non
1298 4463 1374 4516 moro
1436 4444 1441 4557 ξ

177 4534 352 4586 liberandum
370 4551 388 4586 a
406 4555 461 4588 non
480 4539 560 4588 modo
578 4554 633 4588 non
652 4539 826 4591 liberandum
844 4539 991 4590 Cataractes
1067 4540 1102 4591 28
1117 4535 1195 4589 Velii
1210 4536 1235 4584 A
1303 4537 1337 4587 30
1351 4538 1376 4585 et
1436 4562 1440 4595 2

164 4604 310 4658 decretum
330 4606 480 4662 Cataraeur
497 4624 527 4660 a:
547 4612 577 4660 et
594 4624 642 4660 om.
661 4610 684 4659 A
942 4654 945 4658 r
1118 4602 1123 4610 ’
1391 4679 1397 4691 Ι
1435 4600 1440 4673 l
