2934 4966
291 307 671 362 arrsrmsuuuua-ra
688 293 821 386 [ra-sa
837 296 889 385 1a.]
907 305 945 374 (a.
962 306 1116 376 ιιι-ιιι)
1245 296 1309 366 299

101 465 229 535 arbitrii
256 467 339 553 mei,
367 471 476 534 utrum
503 490 602 555 opera
628 448 783 535 facienda
804 489 886 555 quae
911 467 1027 535 honori
1056 471 1117 536 tuo
1140 491 1309 537 conseera-
1354 513 1357 517 >

101 574 216 638 rentur
236 573 400 656 putarem,
425 594 468 637 an
490 571 707 638 instituendos
730 571 988 659 quinquennales
1004 594 1126 660 agonas
1147 573 1203 659 qui
1218 574 1309 640 Trai-
1383 627 1387 632 .

102 675 158 743 ani
186 671 439 760 appellarentur.
477 675 563 761 quod
588 674 625 740 in
650 675 803 742 notitiam
830 679 921 742 tuam
943 675 1170 762 perferendum
1199 677 1308 744 existi·

100 776 187 843 mavi
209 776 250 843 ob
272 775 335 843 hoo
356 777 512 863 maxime,
540 780 577 844 ut
599 776 773 863 dispiceres
796 779 873 866 quid
895 779 1016 866 eligere
1038 768 1184 846 debeam.

503 993 504 996 κ
540 946 690 1019 uxum.
713 947 885 1040 [uxqu'

531 1070 718 1153 usmarus
739 1073 871 1162 aarum

186 1189 288 1285 Iulius
302 1189 429 1278 Largus
444 1189 541 1255 tidem
554 1191 660 1274 tuam,
684 1189 777 1276 quasi
797 1194 832 1256 te
845 1190 929 1256 bene
944 1193 1069 1276 nosset,
1092 1189 1202 1278 elegit.
1232 1191 1309 1278 quid

102 1313 180 1378 ergo
207 1292 412 1378 potissimum
439 1292 480 1358 ad
508 1295 759 1379 perpetuitatem
781 1293 955 1360 memoriae
983 1289 1050 1359 eiu's
1071 1293 1174 1360 faciat
1195 1314 1308 1361 secun·

102 1396 178 1462 dum
200 1395 354 1482 cuiusque
375 1395 439 1462 loci
461 1394 684 1467 condicionem
706 1396 777 1483 ipse
791 1395 928 1483 dispice,
952 1399 986 1462 et
999 1397 1083 1482 quod
1104 1396 1309 1483 potissimum

62 1523 88 1562 ιο
102 1498 352 1585 existimaveris,
377 1499 411 1565 id
432 1520 575 1587 sequere,

522 1669 687 1740 uxxvn.
713 1669 886 1760 [uxama
1039 1734 1041 1738 ,

361 1795 417 1850 0„
436 1793 585 1848 PLINIUS
603 1794 768 1849 rueledo
785 1794 1017 1847 ursmarum

187 1911 490 2028 Providentissime,
514 1911 659 1996 domiue,
682 1911 789 1977 iecisti
809 1911 894 1998 quod
916 1913 1112 2029 praecepisti
1128 1912 1334 1999 Calpurniol

101 1997 227 2098 Macro,
257 2013 487 2081 clarissimo
458 2037 542 2100 viro,
571 2018 608 2080 ut
628 2014 844 2102 legionarium
866 2015 1090 2081 centurionem
1113 2014 1328 2103 Byzantium

59 2117 257 2183 remitteret.
288 2117 411 2203 dispice
427 2139 470 2182 an
492 2117 591 2182 etiam
613 2115 851 2203 Iuliopolitanis
874 2117 972 2184 simili
987 2118 1121 2184 ratione
1137 2119 1307 2185 consulen-
1315 2121 1337 2186 2

102 2221 179 2286 dum
200 2224 312 2307 putes,
342 2241 477 2306 quorum
499 2219 629 2306 arvitus,
649 2243 733 2302 cum
759 2221 803 2286 sit
823 2220 1015 2308 perexigua,
1045 2242 1146 2287 onera
1167 2221 1308 2287 maxima

101 2324 243 2390 sustinet
256 2322 414 2409 tantoque
429 2324 594 2411 graviores
611 2323 763 2407 iniurias,
787 2325 910 2410 quanto
926 2327 959 2389 et
973 2324 1149 2404 infirmior,
1172 2324 1306 2440 patitur

102 2425 268 2513 quidquid
285 2429 393 2493 autem
414 2425 653 2543 Iuliopolitanis
674 2427 911 2514 praestiteris,
917 2427 1006 2493 idet
973 2429 1077 2493 etiam,
1093 2428 1156 2493 toti
1177 2427 1337 2541 prov1n3

102 2530 173 2596 ciac
201 2529 355 2635 proderit.
393 2532 471 2595 sunt
498 2532 584 2595 enim
611 2530 647 2595 in
676 2529 781 2615 capite
809 2527 985 2614 Bithyniae
1012 2522 1255 2617 plurimisque
1248 2551 1308 2647 per

61 2658 89 2699 ao
102 2654 176 2697 eam
199 2614 454 2738 commeantibus
476 2624 664 2698 transitum
659 2631 843 2718 praebent.
894 2682 897 2688 .

504 2802 685 2870 uxxvur.
715 2801 903 2890 [murra]

535 2925 721 2980 TRAIANUS
743 2925 870 2978 PLINIO

188 3042 238 3110 Ba
259 3044 406 3110 condicio
421 3047 471 3109 est
493 3044 633 3109 civitatis
649 3041 884 3130 Byzantiorum
904 3044 1087 3111 confluente
1109 3046 1250 3132 undique
1271 3047 1335 3117 inl

103 3170 175 3213 eam
191 3138 440 3214 commeantium
454 3147 565 3232 turba,
589 3151 626 3214 ut
640 3149 816 3215 secundum
835 3149 1099 3216 consuetudinem
1114 3148 1307 3234 praeceden-

62 3277 89 3317 ιι
102 3251 185 3315 tium
213 3253 395 3336 temporum
422 3250 598 3316 honoribus
627 3252 695 3316 eius
723 3251 883 3337 praesidio
906 3250 1105 3316 centurionis
1134 3251 1308 3338 legionarii

105 3352 337 3419 consulendum
359 3353 577 3418 habuerimus.
608 3361 635 3419 εἰ
655 3353 896 3440 Iuliopolitanis
923 3354 1173 3421 succurrendum
1195 3340 1307 3419 eodeni

102 3455 197 3521 modo
224 3457 458 3541 putaverimus,
491 3456 697 3522 onerabimus
724 3475 784 3535 nos
806 3456 969 3544 ²exemplo.
1005 3456 1127 3542 plures,
1143 3458 1246 3551 enim,
1267 3457 1337 3552 >et2

56 3665 71 3718 ἰ
171 3699 255 3763 2qui
271 3697 387 3749 Traiani
406 3698 554 3751 Beroaldus
571 3715 589 3748 a
607 3714 679 3765 quae
695 3696 852 3750 Troianis
966 3663 1214 3766 tappellarentnr
1230 3699 1306 3750 Cata·
1402 3683 1405 3686 ⁷

102 3783 184 3887 qqqqq
201 3766 428 3886 pppellanturd
454 3767 631 3835 appellentur
657 3767 805 3847 Beroaldus
822 3784 840 3817 a
958 3770 976 3818 4
1001 3769 1189 3834 dispiceres-s
1216 3768 1308 3834 despi-

172 3938 290 3993 LXXVI
314 3942 331 3991 9
358 3945 388 3992 et
405 3940 478 4008 quod
496 3942 669 4009 potissimum
689 3939 798 3997 Orellr'us
814 3945 844 3992 et
862 3939 927 4006 quid
945 3939 1159 4007 potissimums
1185 3945 1215 3991 et
1233 3939 1307 4005 quod

103 4009 272 4129 qpqiarppeqraes
326 4011 357 4061 10
374 4009 404 4069 id
421 4025 538 4077 sequere
556 4012 661 4062 Ricinus
679 4010 824 4075 insequere
837 4011 860 4057 Δ
878 4025 994 4077 sequere
1014 4009 1178 4061 CasauBonas
1196 4008 1306 4072 inquire

171 4179 301 4231 LXXVII
320 4181 362 4231 De
381 4180 547 4233 Centurione
565 4176 723 4246 lullopolim
745 4181 878 4231 mittendo
897 4181 983 4233 .LlI.
1003 4182 1025 4231 Δ
1108 4183 1138 4233 13
1157 4178 1307 4245 Calpurnio

102 4249 348 4315 scalphurniod
454 4253 485 4301 15
504 4248 630 4301 mitteret
650 4247 796 4300 Beroaldus
812 4264 830 4297 a
848 4250 1045 4302 mittereturd
1142 4248 1250 4313 dispice
1270 4263 1307 4300 an

103 4320 190 4370 etiam
209 4316 367 4370 Calaureae*
385 4317 490 4384 dispice
510 4320 597 4369 etiam
608 4318 756 4369 Beroaldus
783 4317 966 4384 dispiciebam
986 4319 1105 4370 etiamn
1123 4322 1155 4368 ut
1172 4316 1307 4384 dispicias

103 4403 140 4437 an
159 4387 243 4439 etiam
262 4402 280 4435 a
348 4389 380 4438 17
400 4393 502 4452 quanto
519 4392 562 4438 est
579 4385 713 4438 infirmior
730 4401 747 4434 a
817 4389 848 4438 19
866 4394 932 4438 suns
950 4388 1098 4439 Beroaldus
1115 4401 1131 4436 a
1149 4385 1262 4436 suumA

171 4489 314 4541 LXXVIII
333 4491 366 4541 23
384 4490 413 4540 in
433 4504 494 4540 eam
515 4491 658 4542 Calanaeus
675 4503 692 4540 s
710 4490 740 4539 in
758 4490 834 4540 ead
903 4491 936 4540 26
960 4489 983 4539 si
1001 4488 1209 4556 Iuliopolitanis
1228 4489 1306 4541 Cata·

102 4556 206 4609 naeusl:
226 4558 250 4608 si
267 4558 356 4612 om
442 4561 474 4609 27
493 4558 586 4624 plures
604 4560 678 4611 enim
699 4563 778 4610 tanto
797 4559 887 4624 magis
906 4557 1004 4610 eadem
1022 4559 1175 4624 requirent,
1193 4562 1303 4624 quanto

103 4625 268 4679 infirmiores
288 4633 378 4681 erunt.
397 4627 449 4678 tibi
467 4641 528 4678 eam
546 4628 674 4679 fiduciam
692 4627 858 4695 diligentiae
875 4627 968 4703 liabeo
984 4639 1004 4676 s.
