2934 4966
141 256 205 322 376
248 282 250 284 ·
274 256 278 262 ’
669 266 701 316 c.
723 265 823 319 Palm

86 487 91 494 .
141 428 280 494 honores
301 447 399 512 quam
420 415 580 510 peractos.
616 412 738 508 optime
759 423 971 509 magistratus
993 420 1204 508 magistratu,
1230 418 1355 486 bonore

140 528 246 595 honor
266 528 399 615 petitur.
436 527 510 592 volo
530 546 606 612 ego,
629 524 686 611 qui
707 525 908 611 provinciam
922 523 1043 590 rexerit
1063 545 1131 589 non
1145 527 1283 589 tantum
1304 542 1354 586 co

141 630 266 696 dicillos
299 631 477 696 amicorum
509 650 571 694 nee
602 627 729 694 urbana
762 627 986 693 coniuratione
1019 625 1204 693 eblanditae
1228 646 1354 712 preces,

123 732 198 799 ‘sed
219 732 349 798 decreta
371 731 586 813 coloniarum,
609 729 740 796 decreta
761 729 931 796 civitatum
952 727 1092 814 adleget.
1130 728 1217 795 bene
1240 728 1354 795 suffra·

141 836 204 922 giis
227 835 445 902 consularium
471 834 614 898 virorum
640 832 736 898 urbes
763 831 876 918 populi
903 833 1019 918 gentes
1040 829 1246 896 inseruntur.
1270 831 1375 922 'effi-s

36 966 46 990 ··
91 940 129 1004 ll
142 939 344 1005 cacissimurn
366 958 425 1024 pro
449 935 620 1001 candidato
641 956 746 1021 genus
768 939 819 1001 est
839 934 977 1021 rogandi
999 932 1123 1020 gratias
1145 954 1258 1020 agere.
1287 935 1354 1001 iam

49 1122 51 1126 Α
141 1062 204 1126 quo
226 1040 365 1106 adsensu
386 1041 531 1124 senatus,
554 1055 618 1123 quo
640 1035 760 1124 gaudio
782 1028 953 1123 exceptum
974 1039 1034 1125 est,
1058 1057 1131 1102 cum
1154 1035 1353 1121 candidatis,

140 1147 183 1208 ut
198 1164 358 1228 quemque
378 1141 620 1225 nominaveras,
644 1139 753 1206 osculo
775 1160 975 1224 occurreres,
999 1139 1138 1205 devexus
1159 1137 1297 1224 quidem
1318 1139 1354 1206 in

140 1245 275 1331 planum
296 1247 331 1310 et
351 1244 443 1329 quasi
464 1264 549 1309 unus
570 1265 610 1309 ex
631 1242 889 1330 gratulantibus!
911 1246 945 1308 te
960 1242 1058 1308 mirer
1078 1241 1203 1328 magis,
1227 1263 1273 1307 an
1295 1241 1353 1308 im·

57 1377 63 1388 ›
98 1427 100 1430 y
140 1346 274 1432 probem
306 1346 379 1412 illos
413 1347 468 1432 qui
498 1346 674 1413 effecerunt
705 1348 743 1410 ut
763 1343 851 1413 istud
872 1366 1028 1432 magnum
1060 1344 1243 1430 videretur,
1280 1367 1385 1412 eumn

71 1443 72 1446 '
140 1449 229 1514 velut
251 1448 349 1514 adfixi
372 1448 537 1514 curulibus
564 1449 630 1514 suis
660 1469 794 1513 manum
820 1449 950 1512 tautum
977 1449 1011 1512 et
1038 1446 1126 1513 hane
1155 1451 1354 1515 cunctanter

45 1608 49 1614 .
141 1553 290 1637 etpigre
312 1555 344 1616 et
364 1547 602 1637 imputantibus
624 1551 745 1617 similes
767 1548 977 1637 promerent?
999 1548 1140 1636 contigit
1153 1553 1352 1638 ergo'ooulis

59 1710 77 1718 -
112 1639 114 1643 ¹
141 1653 262 1719 nostris
286 1660 410 1720 insolitu
425 1657 502 1719 ante
513 1652 614 1720 facies
621 1703 631 1738 ,
653 1654 805 1740 princeps
821 1655 976 1738 aequatus
986 1652 1174 1742 ,candidatis
1198 1658 1234 1721 et
1254 1655 1351 1722 simul

140 1759 247 1840 stana3
277 1761 404 1840 contenit
425 1756 547 1822 intueri
573 1778 686 1843 parem
707 1755 942 1842 accipientibus
969 1754 1125 1821 honorem
1153 1757 1222 1849 qui¹
1238 1757 1350 1825 dabat

116 1937 119 1941 .
141 1857 226 1943 quod
247 1858 373 1924 factum
394 1861 486 1924 tuum
508 1881 528 1924 a
550 1862 667 1926 cuncto
689 1862 805 1925 senatu
827 1879 924 1944 quam
945 1879 1023 1924 vera
1037 1857 1281 1942 adclamatione
1303 1881 1383 1935 ceta

140 1960 301 2027 lebratum
325 1964 389 2044 est,
414 1963 520 2027 ‘tanto
540 1962 654 2047 maior,
677 1965 773 2028 tanto
795 1961 999 2047 augustior’l
1026 1983 1105 2027 nam
1127 1962 1180 2028 cui
1202 1963 1290 2046 nihil
1311 1965 1351 2032 ad

141 2063 324 2150 augendum
346 2064 518 2151 fastigium
539 2068 702 2151 superest,
726 2063 780 2130 hie
802 2087 867 2130 uno
889 2063 985 2130 modo
1008 2085 1151 2131 creseere
1171 2069 1302 2154 potest,
1324 2069 1351 2135 si

141 2187 175 2232 se
197 2165 267 2250 ipse
289 2165 472 2232 summittat
494 2188 625 2233 securus
639 2167 875 2253 magnitudinis
889 2188 977 2234 suae.
1000 2189 1106 2253 neque
1121 2169 1211 2235 euim
1226 2171 1271 2238 ab
1285 2170 1351 2239 ullo

140 2267 283 2354 periculo
304 2268 438 2334 fortuna
458 2270 644 2356 principum
664 2269 794 2356 longius
809 2271 902 2336 abest
922 2292 1019 2356 quam
1039 2269 1245 2338 humilitatis.
1270 2273 1351 2341 mihi

140 2369 270 2456 quidem
291 2392 358 2436 non
380 2374 449 2436 tam
470 2370 657 2437 humanitas
683 2375 740 2437 tua
766 2394 864 2458 quam
885 2373 1025 2440 intentio
1049 2372 1118 2439 eius
1147 2373 1381 2444 admirabilius

141 2471 324 2539 ridebatur:
357 2473 477 2560 quippe
504 2494 577 2540 cum
605 2474 746 2540 orationi
773 2475 882 2541 oculos
913 2496 1025 2542 rocem
1053 2497 1188 2543 manum
1211 2498 1350 2545 commo

140 2575 251 2660 dares,
273 2578 312 2641 ut
333 2576 361 2642 si
383 2575 439 2642 alii
461 2575 574 2642 eadem
594 2577 659 2643 ista
680 2578 888 2664 mandasses,
918 2599 1040 2644 omnes·
1052 2576 1216 2645 comitatis
1236 2602 1349 2648 nume

208 2957 225 3006 2
242 2955 366 3024 rexerint
382 2958 399 3007 b
469 2952 589 3024 tantum]
610 2961 666 3008 tam
686 2957 701 3021 β
752 2961 754 2964 ’
778 2959 796 3008 4
813 2957 885 3026 bene
905 2983 934 2993 -
956 2957 1117 3009 inseruntur
1135 2958 1244 3026 Lipsius
1262 2977 1298 3012 ne
1317 2989 1346 2999 -

139 3025 303 3076 inseruntur
318 3025 402 3081 sese
420 3041 455 3077 ne
473 3052 507 3062 -
524 3026 684 3077 inserantur
700 3027 723 3075 A
741 3032 773 3076 ut
790 3052 824 3063 -
842 3027 1002 3078 inserantur
1018 3027 1150 3078 Liuineius
1251 3032 1268 3082 5
1287 3046 1346 3082 eon·

142 3090 288 3160 solarium]
307 3095 488 3145 conciliorum
506 3095 542 3144 ed
560 3095 778 3146 clarissimorum
795 3096 901 3159 Lipsiae
972 3098 986 3146 i
1010 3111 1073 3146 cum
1093 3095 1261 3149 candidatus
1280 3101 1316 3150 ed

83 3206 85 3210 ,
139 3164 206 3214 8et
223 3161 347 3212 deuexas
366 3163 475 3228 quidem
494 3165 626 3215 Livineius
707 3166 739 3214 ll)
756 3162 831 3213 istud
849 3162 975 3231 gaudium
987 3164 1149 3230 magnumss
1240 3169 1272 3218 11
1292 3183 1345 3218 ma·

139 3246 206 3282 num
222 3235 331 3281 tautum
350 3236 379 3281 et
396 3232 469 3282 hane
488 3231 504 3294 β
523 3247 632 3282 manum
650 3236 758 3282 tantum
777 3236 807 3282 et
822 3230 929 3282 huneb
952 3248 1083 3298 magnum
1100 3236 1210 3284 tautum
1230 3241 1261 3286 et
1278 3235 1347 3286 bunc

140 3301 177 3349 od
195 3300 390 3365 magistratum
410 3304 439 3350 et
456 3299 529 3352 hune
546 3301 570 3349 A
640 3302 671 3351 12
690 3301 884 3366 promerentB
907 3306 1099 3366 promerentur
1115 3303 1138 3351 A
1157 3308 1347 3368 promererent

140 3367 177 3418 ed
229 3370 260 3418 13
278 3367 391 3417 insolita
411 3372 477 3419 ante
496 3368 587 3419 facies
606 3371 685 3420 editio
704 3368 810 3418 lantino
828 3385 853 3421 a.
872 3371 939 3419 1515
957 3368 1073 3420 insolita
1091 3369 1181 3423 iacies
1198 3371 1346 3424 Carenem

141 3441 207 3487 ante
226 3435 316 3486 facies
336 3433 394 3501 (orn.
413 3435 540 3499 insolita)
558 3438 656 3490 ABed.
672 3438 788 3500 fortasse
806 3437 943 3488 inusitata
961 3438 1049 3489 facies
1148 3442 1282 3507 princeps
1301 3456 1345 3492 ae·

141 3508 242 3570 quatuo
266 3503 425 3556 candidatis
451 3513 481 3556 et
506 3506 588 3557 simul
615 3513 706 3566 stans,
737 3506 857 3570 contigit
882 3507 987 3557 intueri
1013 3506 1175 3559 Selewurzius
1209 3510 1346 3577 principis

141 3573 265 3639 equitum
283 3573 428 3624 candidati
446 3579 476 3625 et
492 3572 574 3625 simul
597 3575 700 3625 stantis
722 3574 826 3624 intueri
843 3575 867 3623 A
888 3576 1020 3641 princeps
1043 3578 1184 3641 equitatus
1203 3584 1233 3629 et
1252 3579 1346 3630 eandi-

139 3640 222 3692 datus
250 3645 279 3691 et
305 3641 386 3692 simul
413 3643 515 3694 stantis
541 3643 677 3694 intueris
704 3641 837 3709 principis
863 3642 1004 3710 equitatus
1031 3644 1197 3697 candidatus
1219 3652 1250 3698 et
1266 3647 1345 3698 simul

46 3725 49 3730 ·
140 3709 243 3760 stantis
269 3711 407 3761 intuerit
433 3712 564 3778 princeps
592 3711 757 3763 candidatus
784 3711 893 3776 equitus
921 3716 950 3762 et
977 3712 1058 3763 simul
1081 3715 1184 3765 stantis
1201 3716 1346 3767 intueri!

139 3779 270 3846 prinecps
288 3786 317 3830 et
336 3779 501 3830 candidatus
520 3781 623 3845 equitis
650 3779 732 3831 simul
751 3784 859 3830 stantes
883 3782 988 3830 intueri
1007 3793 1024 3836 ς
1050 3781 1181 3848 princeps
1200 3789 1230 3835 ot
1251 3785 1347 3837 eandi-

140 3847 222 3898 datus
242 3847 428 3915 aequalesque
444 3856 472 3898 et
489 3849 571 3899 simul
589 3853 697 3900 stantes
716 3849 816 3898 intueri
833 3850 913 3916 editio
931 3849 1039 3901 Iuntina
1050 3867 1075 3904 n.
1091 3855 1167 3916 1515,
1186 3855 1255 3905 unde
1274 3855 1347 3920 prin·

140 3930 207 3982 cepe
228 3921 259 3965 et
275 3915 441 3968 candidatus
461 3916 595 3983 aequales
613 3923 642 3968 et
660 3917 742 3968 simul
760 3921 867 3967 stantes
880 3918 1039 3983 intuerique
1056 3921 1138 3985 viano,
1158 3921 1201 3970 abi
1212 3923 1346 3974 eandida·

140 3988 186 4035 tus
205 3984 265 4035 eius
284 3985 365 4035 simul
383 3987 491 4036 coniecit
508 3987 629 4050 Lipsiae,
654 3985 818 4036 candidatus
842 4001 929 4051 aeque
953 3993 982 4037 et
1000 3987 1081 4037 simul
1099 3989 1263 4055 Perizonius,
1283 4007 1346 4043 ean·

36 4071 44 4080 ·
139 4052 252 4103 didatus
271 4057 399 4120 aequitas
419 4060 448 4105 et
473 4054 553 4104 simul
571 4055 597 4107 J.
615 4056 646 4106 F.
668 4056 810 4106 Gronovius
827 4055 919 4119 diurn}
931 4057 956 4104 in
975 4055 1043 4109 Stat.
1063 4073 1086 4110 e.
1106 4059 1149 4109 32.
1169 4059 1302 4125 princeps
1321 4064 1348 4110 et

140 4119 306 4172 candidatus
325 4123 410 4187 aequi
429 4129 485 4172 tum
504 4129 531 4173 et
549 4123 631 4174 siural
658 4129 768 4175 stantes
787 4124 889 4173 intueri
908 4125 1066 4175 Arntzenins
1084 4126 1213 4192 princeps
1234 4133 1264 4178 et
1282 4144 1346 4178 cau-

140 4189 254 4240 didatus
274 4191 387 4256 aequati
406 4197 434 4240 et
453 4191 533 4241 simul
552 4198 660 4243 stantes
680 4193 814 4258 Gieripinr.
842 4194 996 4258 principem
1020 4200 1170 4259 aequatum
1189 4197 1347 4247 candidatis
1400 4196 1403 4202 '

141 4264 170 4309 ct
187 4258 269 4310 simul
290 4264 412 4311 stantem
430 4260 533 4311 intueri
551 4264 608 4312 olim
626 4263 698 4312 edidi
785 4263 816 4311 16
835 4266 879 4311 est
898 4279 944 4314 orn.
962 4264 979 4312 b
1069 4263 1217 4329 augustior
1234 4265 1281 4314 Ad
1298 4281 1346 4315 au·

139 4327 246 4393 gustior
262 4330 303 4380 Be
374 4332 405 4380 19
424 4345 506 4395 qnam
526 4329 561 4378 ab
580 4329 736 4381 humilitate
758 4332 902 4381 Coronaeus
987 4333 1018 4381 21
1040 4347 1101 4382 eum
1119 4333 1206 4384 anull
1286 4348 1346 4385 ora·

138 4413 210 4464 tioni
228 4414 323 4466 oeulos
341 4430 456 4466 necesse
481 4396 563 4480 (ueiens
582 4411 609 4482 b)
628 4433 738 4468 manum
756 4415 945 4467 commodares
962 4418 983 4466 B
1002 4418 1122 4469 orationi
1134 4416 1232 4469 oeulos
1250 4434 1347 4485 uocem

139 4497 250 4534 manum
269 4483 474 4536 commendares
492 4485 528 4534 ed
545 4487 699 4537 orationem
717 4486 805 4536 oeulis
822 4500 892 4536 uoce
910 4501 995 4536 manu
1019 4487 1228 4538 commendares
1245 4490 1270 4539 A

140 4552 174 4602 22
192 4558 222 4602 ut
240 4554 264 4604 si
283 4553 357 4606 alius
376 4553 472 4628 eadem
490 4553 548 4606 ista
565 4554 726 4608 mandasset
745 4555 850 4621 Lipsius
