2934 4966
544 314 547 319 ’
608 307 820 357 rmnarnrro.
1070 334 1073 338 «
1254 312 1318 362 xrx

105 468 288 542 frequenter
308 467 448 529 hortatus
462 469 504 531 es.
526 465 562 530 in
584 463 650 528 fine
665 469 843 529 Absolutum
865 483 940 543 opus
954 470 1162 544 epistolarum.
1181 468 1212 528 C.
1227 470 1322 532 Plinii

109 571 258 651 iunioris
277 569 418 646 Neapoli.
456 572 619 632 hlitlesimo
650 571 949 647 quadrinpmtesimo
982 573 1202 647 septaapesimo
1233 578 1320 635 sexto

109 687 211 732 meuse
229 671 313 732 Iulii.
351 673 511 748 Impressit
529 676 676 735 >Manilius
704 674 856 734 hlorauus
883 676 932 733 uir
958 675 1114 748 siapalarr’
1139 678 1256 750 iperio:
1290 685 1319 738 et

110 782 186 834 arte.
211 773 397 850 Recopuorit
410 775 562 837 lusitanus
576 779 676 838 maius
686 777 915 853 parthenopeus
930 777 1037 837 rhetor
1045 777 1189 852 publicas
1202 795 1319 841 summa

26 936 28 941 ⁴
110 892 188 938 curo
210 893 384 952 summaque
407 878 577 954 dilipeutia.
616 874 711 939 huius
733 895 859 959 quoque
875 872 1026 938 editionis
1048 895 1152 959 pauca
1174 877 1320 962 exempla

110 996 207 1040 nnnc
231 975 455 1042 inveniuntur.
478 1031 480 1035 .
505 965 566 1064 ego
598 977 660 1042 duo
696 981 807 1043 extare
839 976 930 1060 novi,
965 974 1102 1041 alterum
1129 976 1253 1043 Romae
1283 980 1320 1044 iu

110 1077 310 1167 bibliotheca
333 1078 563 1163 casanatensi,
588 1080 725 1146 alterum
747 1079 882 1149 Parisiis
906 1079 942 1145 in
962 1078 1095 1164 publiea
1110 1078 1317 1169 bibliotheca.

110 1181 207 1247 tertio
230 1181 307 1248 olim
329 1204 405 1247 usus
434 1186 485 1247 est
510 1183 537 1248 I.
561 1182 597 1247 F.
621 1182 788 1247 Grunerus
815 1185 878 1248 aet.
909 1183 1019 1247 societ.
1054 1180 1113 1248 lat.
1135 1180 1265 1247 Ieuens.
1288 1204 1319 1248 v.

110 1283 161 1348 III
193 1305 226 1369 p.
256 1284 298 1350 23
306 1335 315 1367 ,
351 1286 406 1370 qui
438 1285 518 1350 illud
551 1285 587 1350 in
621 1285 819 1351 bibliotheca
845 1284 975 1350 lenensi
1005 1284 1189 1350 academica
1221 1283 1321 1352 iuisde

111 1385 240 1471 scribit3
262 1386 319 1452 sed
340 1409 430 1453 nunc
451 1388 500 1453 ibi
522 1408 591 1463 nou¹
610 1388 784 1455 invenitur.
823 1389 858 1452 in
886 1387 950 1452 hac
970 1387 1072 1473 igitur
1094 1386 1234 1453 editione
1257 1389 1322 1473 epi·

111 1489 217 1555 stelae
239 1489 314 1556 libri
336 1491 444 1556 octavi
472 1513 512 1555 ex
534 1490 681 1558 Romana
709 1491 850 1557 editione
881 1491 1040 1576 repetitae
1062 1493 1149 1555 sunt.
1186 1489 1222 1555 in
1248 1491 1322 1564 reli·

111 1591 184 1677 quis
206 1592 310 1657 editor
331 1593 452 1677 partim
474 1591 657 1659 Romanam
679 1595 799 1678 partim
828 1594 1010 1680 principem
1038 1593 1212 1658 editionem
1234 1613 1322 1658 secu·

111 1698 164 1760 tus
187 1698 252 1779 ast3
274 1715 342 1760 non
363 1693 455 1760 nulla‘
476 1717 553 1760 vero
576 1696 674 1764 etiam
697 1698 957 1765 suaseoniectura
979 1696 1030 1760 vel
1046 1681 1201 1763 adhibito
1214 1693 1321 1780 aliquo
1418 1749 1421 1753 .

112 1819 130 1863 e
152 1796 340 1883 vulgaribus
363 1801 435 1862 octo
457 1796 614 1863 librorum
637 1799 801 1865 codicibus
822 1800 972 1865 mutavit.
995 1821 1073 1864 uam
1095 1796 1179 1863 nihil
1199 1797 1322 1863 indica·

112 1903 183 1964 tum
205 1898 333 1983 inveni,
357 1899 442 1984 quod
464 1922 482 1964 e
504 1901 636 1991 meliore
659 1903 769 1968 codice
790 1901 1002 1988 repetendum
1024 1901 1116 1988 sim).
1320 1980 1321 1983 Ἴ

199 2001 306 2068 Ceteri
328 2003 467 2068 editores
495 2007 572 2068 ante
602 2027 723 2070 amium
748 2006 831 2071 1490
854 2005 937 2071 solos
965 2007 1038 2070 octo
1064 2003 1165 2068 libros
1192 2002 1321 2088 eprin·

114 2103 186 2189 cipe
208 2103 365 2188 editione,
388 2105 589 2190 ut-videtur,
613 2106 768 2192 repetitos
791 2111 823 2173 et
845 2107 1022 2173 identidem
1051 2108 1210 2171 correctos
1223 2105 1320 2171 ,exhi-

113 2207 264 2272 buerunt
301 2208 358 2272 sed
389 2229 427 2273 eo
455 2230 543 2273 anno
565 2230 660 2294 quem
681 2209 749 2274 dixi
776 2209 1021 2296 Pomponius
1048 2208 1196 2273 Iuctatus
1228 2207 1321 2273 novis

114 2309 265 2374 subsidiis
286 2310 464 2375 instructus
487 2311 738 2378 emendatiorem
760 2312 934 2379 editionem
945 2311 1084 2397 paravit,
1106 2311 1131 2377 f.
1149 2313 1177 2375 1.
1209 2317 1321 2376 Vosiuo

116 2417 297 2478 Garnheriae
323 2418 499 2478 lrtrtoceutii
525 2419 614 2479 Pout.
645 2421 734 2480 hiens.
763 2423 900 2480 ruinistro
928 2436 947 2478 a
975 2420 1113 2481 cubiculo
1140 2420 1323 2495 Pomponius
1405 2438 1408 2442 “

56 2568 58 2572 .
115 2519 236 2582 Laetus.
261 2519 596 2581 Commoditatr'scausa
619 2529 651 2581 ut
663 2525 809 2583 certiores
821 2519 999 2594 faceremus
1021 2523 1158 2582 (absentes
1178 2523 1322 2597 epistolas

117 2615 257 2684 iuuentus
267 2639 331 2683 esse
342 2624 495 2683 crediturus
508 2653 541 2666 -
556 2622 607 2682 Eu
619 2625 656 2684 iis
668 2624 783 2684 Caecili
792 2625 936 2699 epistolas
947 2621 1318 2698 paromseeruiliarissimas,

116 2743 137 2786 a
158 2728 227 2788 stilo
240 2727 409 2798 commum,-
431 2733 462 2786 et
472 2744 528 2786 usu
545 2743 605 2788 nou
623 2716 829 2801 abliorreutis,
851 2734 881 2786 et
904 2744 924 2785 a
946 2728 1032 2787 trahis
1046 2735 1079 2788 ut
1101 2729 1223 2787 minime
1238 2727 1322 2800 ipno-

114 2847 170 2892 ros
180 2831 335 2899 resolutis,
351 2838 379 2889 et
393 2831 523 2890 conlatis
534 2832 656 2891 uetustis
671 2831 900 2908 eaernploribus
911 2831 1102 2903 eurerrdotas,
1115 2827 1231 2889 Ioanni
1244 2826 1323 2887 Illae·

114 2934 217 3009 aiensi
227 2932 420 3017 Bibliopolas
435 2929 627 3007 cshapitauti
637 2950 677 2994 ex
694 2943 751 2994 tua
756 2935 920 3010 presertim
939 2936 1094 2994 uoluntate
1105 2931 1324 3008 impritueudas

117 3119 322 3132 ——nnnm--n——o

185 3219 211 3290 ⁸¹)
229 3221 366 3274 Editionis
385 3222 588 3290 Neapolitanae
612 3224 767 3290 scripturae
790 3240 846 3275 non
869 3223 963 3275 urdine
988 3222 1130 3276 iudicatae
1149 3226 1213 3271 suut
1230 3222 1259 3270 in
1278 3235 1325 3270 ex·
1380 3243 1382 3247 ·

118 3294 223 3358 eerptis
243 3292 380 3342 Friderici
398 3292 564 3351 Brnmmeri,
585 3307 661 3356 quae
685 3293 839 3358 Longoli‘us
864 3294 979 3342 editioni
997 3292 1148 3342 Cottianae
1172 3289 1325 3355 praemisit.

117 3362 191 3412 idem
201 3362 379 3411 Brammenrs
397 3361 505 3412 sinubus
518 3360 661 3411 codicibus
671 3363 808 3411 Parisiuis
826 3377 891 3412 usus
912 3365 963 3416 est,
985 3375 1099 3424 quorum
1118 3358 1192 3409 ulter
1203 3358 1223 3406 Β
1234 3357 1327 3407 multis

116 3430 188 3480 locis
206 3445 268 3480 cum
286 3430 475 3496 Neapolitana
494 3431 616 3480 editione
635 3433 782 3482 consentit.
812 3431 845 3480 de
864 3430 917 3480 boc
941 3447 958 3478 a
982 3445 1024 3479 me
1050 3431 1238 3492 interrogatus
1256 3425 1334 3476 Leo--
1420 3460 1422 3464 ψ

118 3497 219 3564 poldus
236 3497 344 3548 Delisle
367 3497 558 3548 intercedente
579 3498 748 3549 blounuseno
772 3499 917 3564 respoudit
941 3513 1002 3547 euru
1027 3512 1087 3548 csse
1107 3497 1228 3546 codicem
1247 3495 1326 3543 Pari·

117 3569 208 3618 sinum
226 3569 295 3618 8620
318 3567 496 3617 cherrtacenm
519 3567 569 3616 sub
594 3567 674 3616 tinem
699 3569 790 3631 quinti
814 3568 915 3617 decimi
939 3565 1046 3616 assecuti
1069 3566 1215 3630 scriptum,
1240 3564 1328 3612 fuisse

118 3643 213 3687 austeus
231 3635 297 3685 olim
316 3632 488 3685 Fordinandi
512 3637 586 3700 regis
610 3636 792 3700 Neapolitani
816 3641 845 3685 et
867 3635 1013 3686 secretarii
1036 3635 1097 3684 eius
1114 3631 1258 3682 Autouelli
1276 3630 1327 3680 Pe·

118 3705 220 3756 trucci.
238 3704 367 3754 continet
384 3709 476 3753 aretem
496 3703 581 3753 libros
599 3701 703 3754 I-VII
716 3709 744 3754 et
761 3705 811 3755 IX.
838 3705 862 3754 is
884 3704 971 3768 igitur
996 3719 1012 3752 a
1030 3702 1143 3766 reliquis
1162 3706 1224 3749 octo
1243 3699 1326 3748 libro·

118 3789 180 3824 rum
198 3771 341 3822 codicibus
358 3773 528 3823 dissentiens
546 3787 631 3835 saepe
652 3788 700 3822 eas
718 3774 874 3838 scripturas
893 3787 963 3836 quae
982 3771 1010 3820 in
1030 3771 1155 3820 Romana
1173 3773 1201 3818 et
1217 3767 1327 3832 Neapo-

117 3842 210 3892 litana
229 3840 350 3891 editione
369 3841 414 3892 vel
434 3843 463 3890 iu
481 3857 537 3891 una
550 3841 739 3906 Neapolitana
753 3841 846 3890 editae
858 3848 923 3890 sunt
935 3841 1058 3905 praebet.
1077 3839 1123 3888 vix
1137 3843 1230 3888 tamen
1244 3834 1327 3886 credo

119 3926 171 3961 uos
190 3909 225 3959 de
238 3916 333 3960 vetere
352 3908 451 3960 codice
472 3909 504 3958 de
523 3924 575 3974 qim
595 3911 753 3974 qrracrimus
779 3909 907 3959 adhibita
926 3908 1114 3973 Neapolitana
1139 3905 1262 3955 editione
1281 3901 1326 3954 vel

119 3977 250 4031 Parisino
270 3977 366 4028 codice
386 3980 520 4028 certiores
539 3977 609 4028 ticri.
628 3979 738 4028 iuterim
758 3980 785 4028 iu
804 3993 860 4028 runa
874 3978 993 4042 epistula
1004 3976 1044 4027 1x
1057 3977 1089 4026 39
1102 3975 1247 4044 utriusque
1263 3970 1328 4022 libri

119 4046 342 4113 discrepantium
357 4046 511 4099 ,adnotabo
529 4047 550 4095 B
570 4046 655 4097 codex
676 4048 829 4097 Parisinus.
848 4049 871 4095 N
899 4045 985 4095 editio
1004 4044 1201 4109 Neapolitana.
1228 4049 1254 4106 p.
1268 4041 1327 4102 265,

120 4118 154 4168 18
172 4117 346 4180 Haruspicum
364 4115 384 4163 Β
404 4115 584 4179 Haurispicum
602 4117 625 4163 N
713 4118 807 4166 monitu
825 4131 876 4170 om.
896 4116 940 4164 u*
1000 4115 1079 4164 aceles
1096 4112 1213 4176 impediis
1231 4110 1329 4160 cereris

118 4189 147 4236 iu
164 4183 290 4235 melirrsB
360 4187 393 4234 20
410 4184 602 4247 septembris!
687 4181 803 4250 mupnus]
823 4186 943 4246 indiacum
961 4183 1011 4232 nu
1089 4183 1122 4230 ‘lt
1141 4182 1167 4229 in
1184 4180 1328 4243 proximum

119 4256 144 4304 li
213 4247 361 4318 ausfupium]
379 4251 567 4318 suffrapiumB
629 4255 669 4303 *23
687 4255 807 4314 relipiosc
822 4255 941 4316 fracturus
959 4253 983 4300 N
1051 4251 1085 4299 24
1103 4244 1202 4314 aedera]
1223 4248 1330 4297 eandem

120 4324 156 4388 Β,
176 4338 229 4373 om.
247 4322 295 4371 ii>
340 4323 524 4383 sairanem
592 4328 719 4386 porticum
737 4321 780 4368 B·
843 4324 876 4371 ‘25
895 4317 967 4387 aerii]
988 4328 1014 4368 et
1031 4319 1055 4368 u
1140 4319 1215 4367 etiam
1231 4317 1329 4376 facien·

120 4395 180 4444 dum
197 4390 357 4454 [fructuarium
374 4393 405 4445 Β)
424 4393 506 4454 iprsr'rrs
524 4392 571 4441 dee
589 4393 685 4456 sioruun
704 4391 754 4439 BN
840 4393 898 4449 aaa,
919 4393 935 4438 2
954 4382 1085 4452 putantum]
1106 4394 1214 4453 querentur
1232 4386 1252 4434 Β

120 4455 197 4527 nihil]
217 4463 260 4510 uel
275 4460 300 4508 N
378 4462 496 4509 uidentur
515 4476 618 4509 ireres-se
637 4476 693 4509 esse
711 4461 876 4522 repetendum
895 4459 915 4507 Β
933 4460 1053 4507 uideatur
1072 4472 1176 4506 necesse
1195 4457 1269 4504 istinc
1287 4467 1329 4501 re·

70 4522 73 4528 ¹
119 4529 294 4598 poleridumil
363 4531 425 4578 3ret
443 4544 495 4578 orn.
513 4528 562 4577 BN
631 4530 766 4592 ⁴ipossuut
784 4529 944 4577 rirrrrtndare
962 4526 1012 4575 BN
1072 4518 1221 4590 Optatam]
1240 4524 1330 4588 plura·

120 4609 173 4652 tum
189 4599 214 4648 1
285 4598 524 4668 lexplicabuutB
593 4599 707 4646 irrrronics
725 4597 774 4645 BN
1072 4598 1073 4602 ’

1088 4678 1125 4730 b.
