2934 4966
172 244 237 312 356
698 261 728 312 c.
750 263 850 313 emur

174 438 246 501 sua,
268 416 367 503 longe
390 438 510 481 arcana
532 415 590 481 illa
613 416 731 482 cubilia
753 418 904 504 saevique
918 439 1079 502 secessus,
1102 417 1138 482 iu
1160 437 1245 503 quos
1269 414 1386 480 timore

173 522 207 584 et
239 518 391 605 superbia
428 523 461 584 et
492 520 565 587 odio
597 519 764 587 hominum
794 522 962 609 agebatur.
1001 522 1123 607 quanto
1149 541 1243 585 nunc
1274 519 1385 603 tutior,

156 625 296 706 *quanto
324 621 466 686 securior
488 623 599 687 eodem
627 623 739 689 domus
746 674 755 708 ,
784 627 955 710 postquam
978 643 1045 688 nou
1076 620 1302 707 crudelitatis,
1331 621 1386 687 scd

174 724 292 789 amoris
320 723 479 809 excubiis,
509 746 576 790 non
604 726 778 792 solitudine
806 730 839 792 et
867 726 1033 809 claustris,
1066 723 1123 789 sed
1156 722 1283 788 civium
1307 722 1386 790 celc-

173 825 295 891 britate
318 824 517 892 defenditur!
542 829 655 915 ecquid
678 850 755 916 ergo
776 829 930 895 discimus
945 827 1167 914 experimento
1189 826 1406 892 fidissimamr

168 949 243 1009 esse
265 928 443 994 custodiam
458 929 616 1016 principis
638 929 740 1016 ipsius
754 929 1001 1000 innocentiam?
1021 929 1104 995 haec
1119 950 1177 993 arx
1199 929 1384 1014 inaccessa,

173 1030 234 1097 boc
256 1030 510 1118 inexpugnabile
532 1032 785 1119 munimentum,
807 1035 1008 1099 munimento
1030 1054 1097 1098 non
1120 1052 1226 1118 egere.
1260 1031 1386 1097 frustra

173 1155 207 1199 se
229 1137 350 1200 terrore
374 1134 571 1199 succinxerit
592 1133 647 1219 qui
669 1139 780 1220 septus
803 1136 938 1201 caritate
952 1157 1019 1201 non
1033 1133 1146 1201 fucrit:
1169 1134 1276 1199 armis
1299 1134 1385 1200 enim

173 1258 263 1302 arma
290 1235 478 1302 incitantur.
522 1258 601 1302 num
629 1240 738 1302 autem
766 1238 867 1304 serias
894 1240 1022 1303 tantum
1050 1240 1160 1323 partes
1188 1235 1322 1301 dierum
1351 1236 1384 1301 in

172 1328 274 1405 oculis
295 1340 415 1405 uostris
438 1342 593 1424 coetuque
615 1338 802 1405 consumis?
822 1362 891 1407 non
911 1340 1155 1405 remissionibus
1178 1338 1248 1404 tuis
1270 1337 1414 1404 eadem

170 1442 355 1528 frequentia
378 1440 550 1527 eademque
571 1440 628 1507 illa
649 1442 812 1509 socialitus
834 1442 996 1509 interest?
1022 1464 1089 1509 non
1111 1440 1172 1506 tibi
1194 1462 1331 1527 semper
1350 1441 1383 1505 in

171 1545 277 1633 inedio
300 1545 389 1610 cibus
404 1566 592 1631 semperque
607 1551 720 1610 menso
736 1544 937 1611 communis?
958 1566 1026 1611 non
1047 1567 1085 1611 ex
1101 1543 1257 1609 convictu
1271 1546 1382 1608 nostro

172 1652 284 1713 mutua
307 1645 478 1733 voluptas?
503 1668 570 1712 non
591 1641 747 1733 provocas
769 1647 938 1735 reddisque
960 1644 1148 1714 sermones?
1180 1666 1252 1711 non
1274 1646 1381 1732 ipsum

173 1754 300 1837 tempus
334 1750 500 1837 epularum
534 1754 664 1816 tuarum
699 1773 771 1817 curn
806 1750 980 1838 frugalitas
1008 1747 1201 1835 contrahat,
1232 1746 1381 1815 extendit

172 1851 383 1918 humanitas?
404 1875 468 1917 non
493 1852 580 1917 enim
601 1856 679 1918 ante
699 1853 841 1919 medium
857 1854 942 1919 diem
957 1853 1118 1918 distentus
1132 1850 1286 1917 solitaria
1301 1871 1408 1917 censu

172 1959 338 2042 spectator
350 1956 585 2042 adnotatorque
608 1955 750 2021 convivis
770 1956 835 2022 tuis
850 1957 1000 2047 immines
1014 1977 1075 2021 nec-
1090 1954 1208 2040 ieiunis
1225 1958 1261 2021 et
1274 1953 1378 2020 inani·

172 2059 235 2125 bus
246 2058 362 2144 plenus
372 2060 444 2144 ipse
461 2061 493 2123 et
504 2064 636 2125 ructans
648 2080 715 2124 non
726 2061 795 2125 tam
810 2060 948 2146 apponis
962 2080 1059 2145 quam
1070 2058 1172 2135 obicis
1188 2057 1290 2143 cibos,
1303 2076 1379 2144 quos

173 2162 358 2248 dedigneris
386 2162 564 2248 attingere,
599 2183 759 2247 aegreque
785 2184 955 2247 perpessus
982 2159 1155 2246 superbum
1182 2158 1277 2224 illam
1306 2180 1376 2225 con·

172 2266 278 2331 uictus
300 2263 538 2330 simulationem
560 2285 669 2329 rursus
691 2269 724 2329 te
746 2264 786 2328 ad
801 2264 1034 2330 clandestinam
1049 2284 1186 2349 ganeam
1200 2262 1377 2329 occultum·

172 2388 235 2454 quc
257 2365 376 2432 luxum*
389 2367 500 2432 refers.
531 2388 608 2452 ergo
629 2388 697 2432 non
719 2389 832 2432 aurum
858 2389 918 2433 nec
940 2369 1112 2453 argentum
1134 2386 1196 2431 nec
1219 2364 1406 2452 exquisitas

172 2471 306 2558 ingenia
334 2492 501 2554 cenorum,
531 2470 588 2535 sed
616 2469 809 2535 suavitatem
837 2473 929 2534 tuam
955 2469 1254 2553 iucunditatemque
1283 2467 1377 2533 mira·

173 2597 260 2660 mur,
283 2573 399 2660 quibus
421 2571 511 2638 nullu
534 2572 664 2637 satietas
687 2571 792 2657 adest,
815 2571 945 2658 quaudo
966 2572 1094 2637 sincera
1115 2569 1226 2635 omnia
1248 2573 1282 2635 et
1306 2591 1377 2636 vera

175 2681 209 2743 et
235 2680 350 2742 ornata
376 2676 546 2762 gravitate.
591 2697 693 2760 neque
722 2676 808 2740 euim
836 2679 891 2741 aut
918 2674 1108 2761 peregrinae
1136 2672 1376 2760 superstitionis

173 2778 354 2845 ministeria
376 2783 433 2843 aut
454 2779 615 2844 obscaena
637 2778 819 2863 petulantia
841 2779 961 2843 mensis
975 2777 1132 2863 principis
1155 2776 1300 2858 oberrat,
1324 2773 1375 2840 sed

174 2881 318 2968 benigna
339 2881 490 2947 invitatio
513 2885 546 2947 ct·
566 2880 715 2945 liberales
737 2880 800 2947 ioci
821 2884 854 2946 et
876 2880 1054 2946 studiorum
1074 2880 1188 2945 honor.
1225 2877 1304 2944 inde
1317 2877 1403 2943 titis

92 2974 95 2981 ¹
172 3007 289 3070 parcus
312 2986 345 3049 et
366 2984 472 3050 brevis
494 3004 625 3049 somnus
647 2982 833 3069 nullumque
861 3005 969 3049 amore
996 2984 1099 3050 nostri
1121 2988 1253 3066 tempus
1274 3003 1375 3067 angu-

88 3100 91 3105 ’
173 3088 270 3173 etius,
295 3109 391 3173 quam
413 3086 497 3172 quod
518 3086 588 3151 sine
611 3085 703 3150 nobis
725 3087 807 3171 agis.

121 3194 165 3260 50
260 3188 323 3256 Sed
345 3210 418 3255 cum
432 3188 528 3254 rebus
543 3188 608 3253 tuis
629 3191 667 3251 ut
681 3188 853 3273 participes
872 3188 1092 3274 perfruamur,
1117 3208 1198 3273 quae
1220 3185 1375 3252 habemus

173 3293 237 3380 ipsi
258 3314 354 3379 quam
376 3291 523 3377 propria,
548 3312 645 3376 quom
667 3295 777 3379 nostra
799 3294 889 3356 sunt!
912 3313 980 3356 non
995 3292 1081 3356 enim
1097 3289 1279 3356 exturbatis
1294 3289 1373 3376 prio

174 3394 263 3459 ribus
284 3394 423 3460 dominis
445 3415 539 3459 omne
562 3397 732 3478 stagnum,
756 3415 884 3459 omnem
906 3394 1026 3478 lacum,
1050 3413 1178 3459 omnem
1200 3392 1303 3457 etiam
1318 3390 1403 3456 sal-a

173 3501 243 3562 turn
264 3498 422 3564 imenso
443 3495 643 3584 possessione
667 3495 894 3580 circumvenis,
917 3517 979 3561 nec
1001 3495 1096 3560 unius
1117 3492 1220 3559 oculis
1242 3493 1375 3581 flumina

243 3812 256 3860 1
275 3805 340 3878 sua]
359 3808 440 3859 illac
534 3802 630 3874 longe]
649 3805 785 3871 longeque
804 3808 845 3855 Ao
931 3808 946 3856 2
966 3805 1103 3871 agebatur
1118 3805 1163 3855 Bd
1180 3802 1375 3870 angebatur}

175 3879 312 3944 agebato
432 3885 535 3940 quanto
559 3890 630 3925 nunc
653 3875 739 3925 tutior
757 3879 860 3938 quanto
880 3874 1002 3924 securior
1019 3874 1064 3929 Δς
1083 3880 1185 3939 quanto
1205 3880 1273 3925 tuuc
1296 3875 1375 3924 tutior

175 3951 278 4011 quanto
297 3947 419 3997 securior
435 3945 478 3994 Bd
496 3949 600 4010 quanto
618 3951 683 3993 tunc
703 3943 789 3993 maior
808 3949 887 3992 tacito
905 3943 1030 3992 securior
1048 3955 1062 3992 c
1192 3945 1209 3993 3
1229 3951 1374 4008 postquam

174 4031 229 4066 uon
247 4013 405 4066 caesareensi
423 4020 486 4079 post
505 4014 564 4063 eius
582 4028 636 4063 non
654 4012 698 4061 Bd
715 4027 774 4062 cunr
794 4026 847 4061 non
860 4013 883 4059 Δ
901 4017 964 4075 post
982 4012 1042 4061 eius
1060 4017 1174 4061 mortem
1194 4027 1249 4061 non
1269 4025 1284 4061 o
1304 4019 1372 4078 post·

175 4099 256 4150 quam
276 4086 335 4134 eius
354 4099 408 4134 non
427 4096 443 4139 ς
461 4089 609 4148 postquam
628 4083 720 4131 aditus
739 4081 798 4131 eius
822 4095 876 4128 non
895 4080 1025 4130 Livineius
1044 4084 1190 4146 postquem
1212 4097 1246 4130 ea
1266 4094 1322 4129 non
1340 4080 1375 4129 cel

176 4159 321 4218 postquam
341 4153 465 4201 dominus
484 4152 543 4200 eius
562 4166 615 4200 non
635 4151 755 4213 Lipsr'ur'
806 4151 822 4196 4
843 4147 892 4196 scd
912 4149 1013 4198 civium
1032 4148 1199 4198 celebritate
1219 4163 1267 4199 one.
1288 4149 1331 4201 Βς

175 4222 307 4287 becquid
326 4222 455 4272 Livineius
473 4225 502 4270 et
520 4219 584 4284 quid
602 4219 690 4267 nod
758 4219 898 4280 'tegete
976 4213 1127 4282 tiliorum]
1148 4216 1310 4266 dixerimb

175 4291 207 4339 10
226 4306 280 4340 nou
298 4289 508 4340 remissionibus
527 4287 568 4336 so
586 4303 648 4336 num
666 4286 875 4336 remissionibus
893 4288 934 4334 Ac
1056 4289 1087 4335 11
1108 4299 1162 4335 non
1181 4284 1233 4334 tibi
1250 4284 1296 4333 nd
1313 4299 1372 4333 num

174 4357 226 4407 tibi
244 4356 286 4407 Ac
359 4363 387 4409 14
406 4357 531 4407 extendit
550 4356 607 4418 βαᾱ
625 4357 759 4406 extendat
777 4356 799 4402 Δ
817 4354 940 4403 ostendit
959 4356 995 4403 bc
1082 4356 1114 4404 17
1133 4354 1194 4418 ipsc
1214 4359 1243 4402 et
1263 4358 1373 4402 ructans

175 4426 304 4477 Livineius
322 4427 382 4493 ipse
402 4432 532 4477 eructans
551 4426 614 4474 Abo
631 4425 690 4490 ipse
711 4429 842 4488 eruptans
861 4423 899 4484 lid
1021 4423 1052 4473 18
1070 4421 1232 4486 dedigneris
1250 4419 1373 4472 A'Bacd

175 4494 338 4557 dignerisb
407 4500 440 4546 24
458 4493 611 4544 ministeria
628 4495 692 4544 ned
709 4492 837 4543 misteria
854 4491 875 4540 B
894 4495 1063 4557 mysterius
1133 4489 1308 4540 oberranti

169 4564 206 4614 30
222 4578 328 4615 omnem
348 4560 452 4632 lacum]
472 4578 552 4616 omne
569 4562 660 4614 lecum
679 4562 694 4626 β
