2934 4966
588 297 797 347 l'ltAEFATIO.
1211 297 1300 345 XLIII

90 459 168 541 359,
194 459 234 522 14
263 479 322 539 per
345 462 550 536 Capitolinam
583 461 640 520 iter
672 474 731 539 pro
759 474 820 534 per
842 455 1026 532 Capitolium
1053 456 1127 531 ilcr,
1162 451 1236 535 384,
1263 452 1302 517 16

92 566 287 642 1101111111
309 571 410 624 uatem
432 565 476 623 ita
504 571 536 623 at
563 578 622 642 pro
653 560 844 638 usurpabant
866 565 966 621 autem
990 568 1032 622 at,
1070 577 1181 622 verum
1202 557 1303 620 utne
1407 604 1408 607 ,

92 686 132 729 cx
155 663 206 727 his
234 661 364 746 quidem
395 660 580 745 quicquam
596 664 645 724 est
678 659 762 745 quod
785 657 839 722 ille
868 658 1053 724 coniectura
1081 659 1214 744 adsequi
1235 679 1302 723 non

23 801 29 807 -
92 764 248 851 potnerit,
283 765 331 827 ita
364 761 458 826 bonis
488 784 614 848 quoquc
636 765 669 827 et
690 783 748 846 per
769 782 804 826 se
825 760 959 826 minime
990 762 1147 847 suspectis
1175 759 1302 847 supple·

15 875 20 885 '
93 867 213 933 mentis
235 864 331 930 fidem
352 863 558 948 ,antiquitatis
581 864 724 930 detrahit
744 865 846 930 multo
867 864 970 928 maior
991 885 1144 929 numerus
1166 863 1303 948 reliquo·

93 991 181 1051 rum,
204 967 243 1032 de
264 962 381 1050 quibus
396 964 545 1030 vdubitari
560 969 674 1053 nequit
687 967 766 1055 quin
789 967 830 1032 ab
853 967 924 1052 ipso
939 967 1061 1032 editore
1075 967 1211 1032 inventa
1225 966 1302 1034 sint.

92 1069 225 1152 deinde,
254 1066 340 1151 quod
362 1088 524 1154 summum
551 1069 587 1133 in
608 1069 669 1135 hac
691 1072 879 1156 quaestione
902 1074 966 1154 est,
994 1069 1095 1155 siquis
1123 1067 1175 1134 vel
1203 1090 1304 1134 unum

96 1169 218 1256 aliquid
250 1191 290 1234 ex
321 1168 362 1233 iis
396 1189 479 1253 quae
502 1168 720 1255 Cuspinianus
749 1172 873 1238 addidit
896 1194 935 1237 ex
956 1166 1040 1236 libro
1063 1192 1162 1236 manu
1184 1169 1305 1256 scripto

91 1273 233 1360 petitum
254 1293 360 1356 neque
382 1271 423 1336 ab
439 1272 670 1358 interpolatore
685 1276 854 1341 inventum
870 1296 939 1340 esse
955 1274 1073 1358 credit,
1097 1295 1171 1338 eum
1185 1273 1304 1338 librum

93 1376 135 1441 ab
158 1376 198 1441 iis
220 1375 274 1460 qui
297 1396 385 1440 nuno
408 1379 582 1460 supersunt
602 1398 733 1462 prorsus
755 1379 881 1443 diversa
903 1377 1029 1463 origine
1050 1376 1150 1441 fuisse
1173 1397 1305 1442 necesse

93 1488 155 1544 est.
193 1476 322 1564 qualem
343 1475 462 1561 librum
485 1477 512 1542 si
536 1477 753 1563 Cuspinianus
780 1479 963 1570 habuisset,
992 1479 1094 1544 multo
1117 1479 1212 1564 plura
1233 1495 1306 1563 pro·

75 1582 196 1665 tecto,
225 1602 307 1666 qnae
337 1583 424 1646 certe
451 1601 518 1646 non
546 1583 830 1666 praetermisisset,
863 1583 931 1647 eius
959 1605 1020 1668 ope
1047 1581 1219 1650 emendare
1247 1575 1304 1666 po·

92 1687 191 1748 terat.
229 1704 335 1773 neque
358 1683 444 1749 enim
466 1683 537 1748 fieri
558 1685 671 1770 potuit,
692 1689 729 1749 ut
756 1686 869 1772 paucis
897 1671 977 1750 loeis
999 1684 1177 1770 pleniorem
1205 1685 1304 1770 scrip·

92 1791 202 1852 turam
217 1808 257 1850 ex
279 1785 414 1871 antiquo
436 1786 528 1852 fonte
550 1786 682 1855 ductam
703 1786 786 1875 liber
808 1791 967 1871 servaret,
996 1788 1031 1851 in
1062 1786 1134 1851 aliis
1156 1786 1305 1870 plurimis

94 1911 168 1956 cum
200 1888 239 1954 de
267 1888 400 1973 reliquis
427 1888 514 1954 vitiis
543 1892 613 1953 turn
641 1890 680 1954 de
703 1888 830 1954 lacunis
854 1913 926 1954 0111
951 1890 1065 1955 ceteris
1095 1889 1303 1954 consentiret.

90 2013 193 2078 quare
217 1995 341 2056 certum
370 1993 421 2056 est
441 1990 525 2056 libro
553 2013 652 2056 manu
680 1992 820 2076 scripto,
850 2013 944 2077 quem
972 2014 1051 2057 sane
1080 1991 1203 2076 primus
1231 1994 1306 2076 post
1379 2021 1382 2025 ·

48 2085 51 2088 ⁴
91 2095 276 2181 principem
299 2094 474 2159 editionem
498 2095 716 2180 Cuspinianus
732 2095 896 2178 adhibuit,
920 2116 987 2160 non
1009 2095 1082 2179 plus
1098 2093 1306 2158 tribuendum

95 2220 178 2283 esse,
202 2218 301 2284 quam
323 2198 363 2262 iis
386 2196 501 2282 quibus
524 2219 612 2262 nunc
640 2198 778 2282 utimur,
808 2219 908 2282 eaque
930 2218 1014 2282 quae
1035 2197 1076 2260 ab
1103 2195 1160 2260 illo
1181 2199 1306 2260 mutata

91 2305 171 2367 sunt
193 2322 260 2366 non
287 2300 441 2364 maiorem
470 2299 696 2366 auctoritatem
732 2299 852 2365 habere
886 2313 983 2386 quam
1016 2297 1212 2384 reliquorum
1241 2297 1305 2363 edi-

90 2408 200 2470 torum
233 2403 377 2469 inventa.
420 2405 544 2487 postea·
568 2406 691 2486 autem,
727 2403 792 2493 nisi
823 2402 879 2488 qui
912 2424 963 2493 me
996 2401 1169 2487 fugerunt,
1185 2437 1186 2440 κ
1204 2422 1314 2495 manu¹

92 2505 225 2591 scriptis
248 2504 341 2571 libris
363 2504 414 2570 usi
436 2509 516 2569 sunt.
534 2504 585 2589 hi,
610 2499 783 2570 Sichardus
807 2527 835 2570 a.
862 2504 955 2588 1542,
979 2503 1142 2568 Livineius
1164 2526 1193 2568 a.
1213 2503 1306 2587 1599,

94 2608 256 2676 Grutenrs
272 2631 300 2673 a.
316 2607 540 2690 1601011611,
552 2605 731 2672 Gronovius
743 2607 810 2671 obs.
827 2606 875 2671 IV
892 2606 943 2690 16,
961 2606 1159 2671 Arntzenius
1176 2627 1204 2670 a.
1224 2606 1306 2671 1738

96 2716 132 2779 et
152 2733 231 2798 prae
255 2711 370 2776 ceteris
393 2708 429 2776 O.
454 2709 492 2774 G.
517 2707 718 2775 Schwarzius
741 2732 768 2774 a.
793 2710 885 2774 1746.
925 2710 1100 2774 editionem
1122 2708 1306 2773 Parisinam

92 2839 122 2882 a.
151 2815 236 2880 1834
269 2835 289 2878 a
321 2811 497 2878 Barnoufio
529 2811 665 2897 iactam,
700 2812 751 2877 eui
783 2812 883 2877 trium
917 2813 1062 2877 codicum
1084 2810 1307 2877 Parisinorum

90 2916 315 3004 discrepantia
348 2915 459 2980 addita
493 2918 558 2998 cst,
594 2937 661 2997 non
694 2915 760 2980 vidi
794 2937 899 3000 neque
933 2915 1152 3000 quaerendum
1171 2913 1219 2978 'de
1239 2912 1306 2977 illis
1416 2926 1418 2930 ·

48 3077 50 3080 .
84 3021 259 3086 codicibus
298 3043 317 3083 a
348 3017 549 3106 reliquorum
576 3017 712 3104 ,sangine
747 3021 785 3082 ‘et
823 3017 1014 3083 condicione
1046 3015 1134 3081 haud
1155 3013 1307 3102 ¹'diuersis

119 3143 142 3186 1
177 3145 219 3188 vi.
1088 3171 1091 3175 .

95 3145 118 3206 p
143 3125 293 3311 taItaque
321 3245 360 3288 cx
387 3224 428 3288 iis
455 3192 556 3312 libris]
570 3244 705 3308 quorum
727 3222 815 3288 mihi
831 3223 923 3308 eopia
944 3223 1033 3288 faeta
1067 3225 1116 3287 est
1145 3224 1223 3304 tres,
1247 3220 1304 3305 qui

102 3327 291 3393 accuratius⁴
307 3347 404 3412 quam
418 3325 532 3410 reliqui
551 3329 693 3392 veterem
715 3326 908 3411 scripturam
923 3326 1086 3409 referunt,
1110 3323 1309 3416 Vaticanum

49 3501 51 3504 Α
100 3424 398 3519 vindobonensem..
411 3428 662 3523 tlonacensem,
693 3429 796 3514 elegi,
831 3450 966 3514 quorum
998 3426 1307 3517 integrampdisare
1360 3469 1374 3502 3
1412 3469 1416 3474 -

104 3519 244 3611 partiam
276 3529 471 3597 exhiberem.
520 3529 673 3595 Vaticani
698 3530 822 3596 codicis.
849 3531 1123 3616 scripturaram)
1157 3551 1195 3594 ea
1227 3548 1315 3614 quae.
1380 3535 1381 3538 ’

97 3635 207 3712 postea
223 3635 388 3720 adscripta
403 3637 480 3699 sunt
496 3634 570 3718 (Al)
595 3633 720 3718 addidi,
745 3655 939 3719 quamquam
963 3654 1072 3697 eorum
1094 3631 1185 3696 nulla
1200 3623 1308 3695 aucto-

92 3731 172 3800 11111
197 3741 264 3803 est:
288 3759 366 3802 nam
387 3737 508 3823 partim
532 3737 718 3802 coniectura
742 3736 931 3802 correctoris
953 3737 1104 3818 inventa,
1128 3733 1247 3819 partim
1269 3754 1308 3796 ex

83 3830 163 3902 aliis
199 3839 399 3926 apographis
439 3841 543 3925 petita
582 3842 668 3904 sunt.
712 3839 828 3903 deinde
861 3836 1156 3902 Wolfenbuttelani
1190 3834 1308 3900 codicis

73 3937 291 4026 scripturam
308 3945 348 4025 (a)
358 3993 367 4027 ,
391 3944 418 4006 si
438 3941 657 4006 memorabilis
673 3941 843 4006 videbatur
860 3939 1088 4025 discrepantia,
1112 3937 1251 4003 maxime
1268 3937 1308 4001 si·

66 4036 165 4114 quid
185 4045 307 4112 rectius
322 4046 359 4110 11
373 4044 429 4108 1110
444 4067 541 4130 quam
557 4045 593 4109 in
608 4043 768 4110 Vaticano
784 4044 941 4130 seriptum
963 4045 1048 4127 erat,
1073 4040 1192 4123 adieci,
1215 4060 1308 4124 prae-

62 4131 190 4216 terea
208 4144 317 4214 autem
340 4147 427 4212 illius
450 4148 611 4212 rationem
634 4169 701 4212 non
730 4147 838 4211 habui.
876 4145 1163 4210 Vindobonensem
1186 4141 1309 4207 01Μο-

64 4248 289 4334 Ila(tensam,
322 4253 359 4314 ut
381 4252 560 4316 communis
584 4249 752 4336 archetypi
783 4249 944 4334 scriptura
972 4248 1222 4332 exprimeretur,
1253 4244 1309 4309 ubi

50 4352 312 4423 Samarium
339 4375 405 4418 una
433 4357 511 4418 nota
533 4364 560 4418 Β
589 4355 774 4439 complexus
798 4374 883 4436 sum,
915 4351 970 4415 ubi
994 4349 1205 4432 dissentiunt,
1230 4345 1309 4413 Vin·

73 4433 293 4523 dobonensis
314 4456 390 4521 libri
413 4458 592 4541 scripturae
614 4467 653 4540 b,
678 4455 918 4536 tlonacensisss
942 4452 1087 4538 apposui.
1127 4452 1176 4515 his
1199 4450 1309 4515 addidi

71 4540 328 4644 'Augustanum
353 4560 401 4646 (c)
426 4562 457 4624 et
480 4559 761 4627 Caroliruhensem
785 4558 853 4646 (d),
884 4579 950 4622 non
980 4579 1042 4641 quo
1071 4554 1142 4620 aliis
1165 4557 1308 4639 praesta-
