2934 4966
328 320 576 373 amsrunaaou
598 315 719 369 sr-ss.
735 303 791 391 [12.
807 301 941 395 oo—o4.]
963 315 1171 384 (arn-113)
1293 303 1357 373 289

148 480 290 546 iaceant.
325 467 415 544 nam
432 481 466 545 et
491 478 696 566 praediorum
718 476 1017 565 comparandorum
1036 481 1092 555 aut
1116 477 1207 544 nulla
1230 479 1287 543 aut
1308 499 1359 543 ra·

150 581 281 648 sissima
301 581 428 648 occasio
446 584 511 666 est,
535 604 597 649 nec
617 582 830 648 inveniuntur
851 581 906 668 qui
929 581 1031 646 velint
1046 581 1163 648 debere
1184 582 1231 647 rei
1254 581 1358 668 publi·

151 707 224 769 cae,
254 684 445 777 praesertim
466 685 623 752 duodenis
645 684 788 769 assibus,
817 684 933 770 quanti
956 707 975 750 a
997 684 1133 771 privatis
1154 688 1356 751 mutuantur.

114 786 128 871 J
150 787 274 874 dispice
296 809 390 875 ergo,
420 788 566 873 domine,
595 781 751 874 numquid
772 788 982 853 minuendam
1005 809 1135 853 usuram
1159 809 1196 852 oc
1218 810 1277 873 per
1297 786 1389 855 hoc?

124 889 283 956 aidoneus
302 890 472 957 debitores
500 890 685 956 invitandos
708 894 818 976 putes,
848 893 881 956 et
912 891 939 956 si
962 912 1004 956 ne
1027 890 1217 970 sicquidem
1240 891 1360 976 reperi·

150 996 269 1078 untur,
298 992 554 1065 distribuendam
582 993 670 1059 inter
697 992 887 1060 decuriones
910 993 1098 1080 pecuniam,
1133 992 1181 1057 ita
1208 995 1246 1058 ut
1271 996 1360 1058 recte

130 1092 198 1163 'rei
225 1095 376 1182 publicas
405 1099 557 1181 careant3
589 1096 674 1182 quod
704 1118 900 1183 quamquam
928 1096 1041 1162 invitis
1075 1100 1109 1160 et
1135 1096 1360 1162 recusantibus

150 1197 259 1264 minus
281 1198 434 1265 acerbum
456 1200 520 1264 erit
540 1199 659 1293 leuiore
682 1221 779 1265 usura
803 1199 989 1266 constituta.

633 1368 702 1437 nv.
727 1353 871 1462 [ursin]

113 1503 138 1542 ιο
588 1493 774 1546 TRAIANUS
797 1491 925 1545 PLINIO

240 1609 284 1675 ut
305 1610 376 1696 ipse
390 1633 456 1677 non
478 1610 565 1676 aliud
586 1609 763 1676 remedium
779 1609 929 1695 dispicio,
953 1610 999 1675 mi
1015 1608 1161 1677 Secunde
1184 1611 1360 1697 carissime,

151 1735 249 1799 quam
272 1715 309 1778 ut
323 1714 490 1798 quantitas
512 1735 681 1782 usurarum
695 1713 880 1796 minuatur,
904 1733 966 1799 quo
988 1712 1116 1778 facilius
1131 1715 1289 1799 pecuniae
1304 1737 1362 1802 pu-
1433 1750 1439 1758 .

152 1815 257 1881 blicae
280 1814 489 1882 collocentur.
521 1816 653 1883 modum·
667 1817 735 1881 eius
758 1836 796 1880 cx
820 1815 913 1902 copia
930 1837 1039 1882 eorum
1054 1815 1110 1902 qui
1125 1816 1367 1885 mutuabuntur

151 1926 189 1982 tu
213 1919 401 1983 constitues.
431 1918 615 1985 invitusad
638 1917 861 2004 accipiendum
886 1918 1089 2004 compellere,
1113 1919 1197 2004 quod
1212 1919 1361 1986 fortassis

111 2037 137 2078 ¹⁵
152 2020 233 2106 ipsis
245 2021 383 2086 otiosum
397 2020 547 2086 futurum·
557 2023 611 2106 sit,
635 2042 700 2088 non
715 2025 816 2086 estex
830 2021 1152 2088 iustitianostrorum
1167 2026 1359 2108 temporum.

619 2190 704 2259 LVI.
728 2190 891 2284 [trun]

432 2316 467 2378 ¹o.
486 2315 635 2368 culmus
654 2304 817 2368 rsarluo
836 2315 1069 2368 1nrnuanon1

242 2433 404 2518 Summas,
429 2433 574 2518 domine,
597 2433 720 2520 gratias
743 2454 821 2519 ogo,
845 2431 930 2518 quod
952 2432 1040 2497 inter
1053 2433 1211 2498 maximas
1227 2438 1389 2520 occupa-l

153 2537 261 2603 tiones
288 2543 320 2601 la
346 2537 387 2600 iis
415 2536 454 2601 de
476 2537 591 2622 quibus
613 2540 647 2601 tc
675 2529 820 2601 consului
850 2557 902 2601 me
923 2555 1049 2622 quoque
1070 2557 1183 2623 regere
1206 2534 1360 2622 dignatus

111 2658 140 2696 20
154 2660 204 2705 es:
232 2638 318 2725 quod
339 2653 430 2704 nunc
452 2660 577 2724 quoquo
604 2637 707 2702 facias
735 2643 824 2724 rogo.
862 2637 943 2703 adiit
971 2638 1058 2703 enim
1080 2656 1132 2703 me
1154 2639 1284 2724 quidam
1312 2640 1391 2707 irs-2

153 2741 338 2828 dicavitque
361 2741 559 2807 adversarios
582 2762 655 2806 suos
679 2763 698 2805 a
720 2737 856 2806 Seruilio
879 2739 991 2826 Calvo,
1016 2740 1195 2806 clarissimo
1221 2742 1301 2827 vico,
1324 2743 1360 2809 in

153 2845 333 2911 triennium
354 2844 518 2930 relegatas
540 2845 574 2908 in
595 2844 762 2930 provincio
776 2844 911 2909 morari:
935 2843 983 2908 illi
999 2847 1112 2910 contra
1135 2844 1175 2909 ab
1199 2846 1308 2911 eodem
1326 2867 1360 2912 se

154 2948 323 3015 restitutos
346 2947 598 3013 adfirmaverunt
621 2946 823 3032 edictumque
845 2946 1076 3014 recitaverunt.
1114 2967 1177 3032 qua
1199 2969 1240 3014 ex
1262 2969 1360 3014 causa

154 3050 371 3115 necessarium
387 3048 507 3115 credidi
523 3071 595 3121 rem,
613 3050 776 3135 integram
792 3050 831 3115 ad
854 3054 887 3114 te
910 3049 1041 3115 referre.
1073 3071 1149 3115 nam
1165 3050 1250 3117 ment
1271 3072 1360 3119 marr·
1370 3054 1400 3119 3-

115 3171 140 3208 as
154 3153 240 3218 <lutis
262 3153 328 3218 tuis
350 3157 481 3219 cautum
504 3157 553 3217 est
575 3175 616 3217 ne
638 3152 807 3216 restituam
832 3153 872 3216 ab
901 3153 964 3217 alio
988 3157 1044 3217 aut
1067 3175 1085 3216 a
1107 3174 1159 3217 me
1186 3153 1358 3240 relegatos,

154 3258 201 3319 its
229 3256 268 3318 de
300 3256 340 3319 iis
369 3278 453 3341 quos¹
472 3255 554 3320 alius
576 3258 609 3320 et
631 3255 827 3340 relegaverit
855 3259 888 3319 et
910 3256 1090 3324 restituerit
1112 3255 1195 3320 nihil
1219 3277 1362 3341 compre-

152 3359 291 3440 hensum
315 3362 374 3424 est.
405 3358 477 3423 ideo
499 3363 550 3443 tu,
575 3357 720 3443 domine,
746 3358 961 3423 consulendus
983 3357 1076 3423 fuisti
1091 3358 1167 3444 quid
1189 3359 1360 3427 observare

152 3483 205 3525 me
227 3460 342 3542 velim,
370 3466 447 3526 tum¹
465 3460 596 3526 hercule
619 3483 715 3547 quam
747 3460 785 3526 de
808 3461 848 3525 iis
871 3462 924 3545 qui
952 3448 987 3525 in
1010 3467 1209 3547 perpetuum.
1224 3461 1361 3548 relegati

152 3585 221 3629 nec⁴
237 3565 386 3629 restituti
401 3565 437 3630 in
452 3566 620 3650 provincio
635 3563 929 3648 deprehenduntur.
960 3586 1037 3629 nam
1053 3565 1132 3629 haec
1148 3586 1274 3650 quoquc
1289 3566 1392 3650 spe-4

112 3683 138 3723 ευ
154 3667 220 3732 cies
242 3666 359 3732 incidit
380 3667 414 3733 in
438 3669 659 3754 cognitionem
681 3689 797 3733 meam.
830 3669 879 3731 est
899 3666 986 3731 enim
1009 3667 1165 3732 adductus
1188 3666 1228 3731 ad
1250 3687 1302 3732 me
1324 3667 1359 3732 in
1441 3666 1444 3671 ’

152 3772 346 3855 perpetuum
361 3770 524 3857 relegatus
543 3792 562 3834 a
577 3771 660 3836 Iulio
676 3770 778 3835 Basso
793 3769 994 3855 proconsule.
1026 3791 1103 3855 ego,
1126 3768 1203 3855 quia
1218 3769 1360 3835 sciebam

223 4000 239 4049 3
258 3996 393 4047 duodenis
408 3997 517 4048 assibus
528 3999 610 4048 deleri
621 3999 698 4046 volvei!
708 3996 734 4046 Ι.
747 3997 779 4048 Α,
794 3996 936 4054 Eraeslius
955 3995 1046 4046 nestris
1061 3996 1170 4047 assibus
1183 3995 1323 4048 Salmasius
1335 4001 1361 4048 el

154 4066 181 4117 I.
202 4067 230 4116 F.
252 4066 394 4116 Gronovius
412 4068 444 4116 de
462 4075 557 4116 reales.
576 4082 645 4115 asur.
663 4083 689 4129 p.
709 4068 768 4114 488.
786 4069 846 4116 555.
866 4068 917 4113 622
936 4064 976 4114 acl.
997 4066 1080 4130 Δηρὼ
1105 4082 1129 4117 α.
1150 4067 1235 4115 1691*
1302 4080 1359 4115 mu·

150 4142 272 4186 tuantur
294 4134 442 4186 Beroaldus
459 4148 476 4183 a
495 4135 655 4184 muniantur
671 4135 694 4181 A
810 4137 878 4183 bue
898 4133 939 4182 sio
959 4133 1067 4198 quidem
1088 4131 1247 4184 Calanaeus²
1264 4148 1299 4183 ue
1318 4135 1360 4185 sio

153 4206 177 4254 A
196 4219 248 4255 nec
266 4205 308 4255 sic
327 4203 436 4254 Orellius
539 4205 555 4253 6
573 4200 796 4252 distribuendam
813 4201 960 4251 Calanaeus
977 4216 994 4250 a
1011 4200 1230 4253 distribuendum
1249 4203 1273 4251 A

222 4273 274 4325 LV
294 4276 325 4324 12
344 4289 397 4338 quo
415 4270 529 4336 facilius
548 4269 697 4322 Beroaldus
714 4284 731 4318 a
749 4271 794 4334 qui
815 4269 925 4320 facilius
948 4268 971 4319 A
1053 4336 1055 4340 A
1075 4273 1107 4322 13
1125 4270 1361 4321 mutuabuntur}
1463 4335 1465 4340 .

153 4343 338 4393 mutabuntur
354 4344 377 4390 A
449 4343 480 4392 15
499 4338 627 4404 otiosum]
646 4354 791 4390 onerosum
809 4337 957 4390 Beroaldus

224 4412 286 4462 LVI
307 4410 483 4461 Consultatio
502 4424 585 4473 super
604 4409 781 4458 restitutione
801 4407 889 4457 exulis
909 4406 1044 4458 XXXV.
1063 4408 1086 4457 A
1202 4408 1234 4458 18
1253 4407 1361 4472 quoda

155 4479 243 4541 quiA
296 4482 328 4530 19
347 4482 376 4529 in
395 4480 431 4529 iis
452 4478 473 4528 I.
495 4480 528 4529 A.
548 4477 699 4528 Eraeslius:
718 4477 853 4530 inom.A
899 4478 932 4526 ‘23
952 4478 1150 4541 quaeausaA
1203 4477 1360 4541 acquosus

154 4550 281 4610 equosA
350 4550 384 4600 28
402 4553 460 4598 tam
479 4546 599 4597 Hercule
617 4546 650 4597 ds
669 4547 712 4597 his
731 4561 814 4611 quam
832 4544 866 4595 dc
878 4544 942 4595 ,illis
961 4545 1042 4610 qula
1120 4544 1257 4596 dehisA
1345 4567 1348 4571 “

153 4619 185 4664 31
206 4630 224 4663 a
241 4615 312 4668 lulio
330 4617 476 4668 Calanaeus
493 4629 522 4665 a:
542 4631 559 4666 a
577 4631 625 4669 om.
643 4616 667 4665 A

203 4697 273 4738 Purra
282 4709 354 4742 sarar.
367 4711 405 4744 sn.
418 4702 488 4745 Kmu
566 4763 568 4766 Ι
653 4751 658 4760 ,
1143 4701 1178 4749 &Q
