2934 4966
319 307 568 374 nersraumurr
582 301 1088 396 rr—oo.[aa-ro.](a.rn-1re)
1240 307 1313 396 28ῖ,
1343 358 1347 365 ,
1457 303 1461 312 “

14 546 17 551 ,
34 437 36 440 >
101 499 172 545 esse
192 476 295 543 lectas
309 476 352 542 ab
365 477 432 544 ullo
446 451 690 566 proconsulum,
704 463 863 545 'habuisse
880 477 1088 566 privilegium
1102 481 1136 545 et
1156 480 1306 547 vetustis·

101 581 218 646 simum
239 601 362 646 morem
385 583 519 649 arbitrio
539 605 597 650 auo
617 604 688 648 rem
707 582 871 668 publicam
886 581 1124 650 administrare.
1155 585 1249 670 exegi
1269 583 1335 649 utu
1432 608 1439 615 ·

22 660 32 678 ²
102 705 184 769 quae
207 682 360 751 dicebant
380 707 526 772 quaeque
547 685 732 751 recitabant
753 684 864 751 libello
888 684 1187 772 complecterentur,
1211 709 1306 773 quem
1334 727 1336 731 <

10 848 12 865 ,
100 786 164 851 tibi
186 786 313 872 qualem
335 809 526 874 acceperam
546 787 636 872 misi,
667 788 813 873 quamvis
835 787 1059 874 intellegerem
1086 787 1239 875 pleraque
1267 812 1306 855 ex

72 887 158 954 sillo
180 888 222 954 ad
242 888 276 954 id
291 890 330 955 de
350 890 598 977 quoquaeritur
615 911 682 957 non
696 891 869 976 pertinere.
898 894 932 956 te
954 911 1034 977 rogo
1056 893 1093 955 ut
1114 890 1193 955 mihi
1215 893 1335 977 pree-3

26 1041 33 1055 .
101 991 210 1078 cipere
237 991 400 1079 digneris,
428 992 506 1078 quid
527 1014 579 1058 me
601 995 695 1078 putes
716 993 888 1061 observare
915 993 1043 1059 debere.
1079 1014 1192 1059 vereor
1220 995 1306 1060 enim

10 1095 17 1143 s
100 1117 144 1160 ne
166 1098 223 1161 aut
244 1096 418 1162 excessisse
440 1097 587 1170 autnon
612 1095 763 1182 implesse
786 1097 886 1163 officii
907 1096 972 1188 mei
994 1099 1104 1182 partes
1126 1095 1247 1173 videar.

554 1266 852 1360 ramnum]

499 1388 725 1449 *rualodus
745 1391 892 1450 ramo.

31 1519 33 1522 ’
61 1525 88 1565 ¹⁰
188 1508 331 1575 Libellus
342 1501 596 1595 Apamenorum,
613 1531 708 1596 quem
726 1508 884 1596 epistulae
897 1512 975 1575 tuae
995 1509 1159 1596 maxema,
1182 1511 1335 1577 remisitl

101 1610 183 1676 mihi
197 1613 427 1678 necessitatem
440 1612 662 1699 perpendendi
684 1612 793 1699 quafia
813 1616 937 1698 essent,
959 1616 1091 1700 propter
1108 1635 1190 1699 quae
1203 1614 1307 1685 rideri

100 1713 216 1780 volunt
237 1719 292 1780 eos
305 1715 369 1801 (qui
390 1736 450 1804 pro
475 1714 661 1784 consulibus
674 1780 676 1784 ,
689 1715 775 1783 hano
796 1716 997 1801 provinciam
1018 1716 1231 1783 obtinuerrmt
1252 1717 1308 1783 ab·

101 1818 256 1883 stinuisse
276 1818 516 1904 inspectatione
530 1819 693 1885 rationum
715 1840 861 1914 suarum,
886 1841 958 1884 cum
980 1820 1049 1905 ipse
1071 1822 1108 1884 ut
1128 1839 1185 1885 aas
1206 1820 1306 1906 inspi-

102 1941 192 1985 ceres
213 1941 281 1986 non
302 1921 533 1987 recusaverint.
563 1911 801 1988 remuneranda
823 1925 873 1988 est
894 1922 996 2008 igitur
1016 1921 1163 2007 probitas
1186 1916 1336 2011 eorum‚2
1435 1980 1436 1984 ,

60 2037 88 2080 1⁵
100 2023 175 2088 ut'
165 2044 232 2089 ram
252 2045 342 2090 nnnc
369 2024 477 2090 sciant
497 2022 560 2091 hoc
580 2012 701 2110 quod
691 2028 819 2110 mapect
821 2046 896 2090 urus
926 2046 960 2091 ea
982 2047 1022 2090 ex
1042 2039 1116 2097 rnea
1138 2024 1305 2146 uoluntate
1383 2092 1386 2101 ,

101 2124 209 2190 salvia
221 2147 305 2212 quae
326 2126 451 2192 habent
470 2126 651 2214 privilegiis
673 2148 747 2194 esse
764 2127 940 2195 facturum.

479 2361 482 2365 ,
529 2292 704 2368 ravim.
730 2273 872 2390 [cvm]

385 2422 416 2477 0.
435 2421 585 2491 PLINIUS
602 2422 767 2476 TRAIANO
784 2422 1016 2476 IMPERATORI

113 2591 115 2594 .
186 2539 275 2606 Ante
298 2538 418 2605 advent
403 2543 473 2605 tum
500 2561 624 2625 meum,
653 2539 782 2606 domme
788 2590 798 2623 ‚
826 2538 1078 2635 Nicomedenses
1106 2540 1207 2628 priori
1234 2535 1334 2608 forol
1415 2575 1419 2580 ·

61 2655 87 2696 20
100 2660 233 2706 novum*
242 2642 369 2708 adicere
393 2629 582 2728 coeperunt,
607 2642 696 2708 cuiu's
717 2643 752 2707 in
769 2642 889 2729 angulo
912 2664 945 2707 ea
949 2642 1071 2709 taedas
1085 2633 1309 2713 veusussnna

46 2805 51 2816 ,
99 2743 217 2809 Matris
232 2743 375 2831 Magnae
390 2748 447 2811 aut
460 2744 636 2813 reficienda
652 2747 708 2811 aut
721 2744 964 2828 transferenda3
987 2744 1028 2810 ob
1043 2744 1105 2812 hoo
1119 2747 1303 2833 praecipue,

99 2846 185 2933 quod
213 2850 263 2913 est
289 2848 391 2914 multo
418 2847 600 2933 depressior
626 2869 722 2934 opere
752 2869 790 2913 eo
816 2847 1006 2933 quodcum
1028 2848 1167 2914 maxime
1189 2850 1304 2936 surgit.
1402 2918 1405 2923 ,
1443 2920 1446 2925 ,

99 2971 163 3035 ego
185 2970 258 3017 cum
280 2971 482 3036 quaererem,
506 2972 587 3015 num
601 2953 686 3017 esset
708 2949 816 3035 aliqua
837 2949 890 3016 lex
904 2949 991 3016 dicta
1012 2952 1144 3036 templo,
1167 2944 1335 3039 cognovi2

10 3071 12 3075 ’
100 3052 200 3118 aliurn
215 3052 285 3136 hic,
310 3053 410 3118 alium
424 3053 509 3139 apud
525 3074 584 3119 noa
600 3074 669 3119 esse
684 3074 807 3125 morem
822 3052 1045 3122 dedicationis.
1077 3053 1198 3139 dispice
1214 3077 1303 3142 ergo,

59 3167 86 3209 2⁵
100 3155 246 3239 dominc,
270 3177 312 3220 an
335 3159 428 3241 putes
452 3157 563 3221 eedem
587 3156 638 3221 cui
660 3155 750 3221 nulla
777 3155 829 3220 lex
852 3154 941 3220 dicta
963 3157 1013 3220 est
1034 3156 1124 3222 salva
1146 3157 1305 3244 religione

98 3278 194 3344 posse
205 3258 387 3326 transferri.
405 3258 525 3344 alioqui
537 3258 829 3329 commodissimum
841 3262 900 3342 est,
914 3259 942 3323 si
952 3258 1068 3345 religio
1079 3282 1145 3326 non
1157 3261 1302 3348 impedit.

336 3505 339 3510 ,
423 3392 912 3523 -..naemu-11]
1009 3455 1012 3461 ·

533 3552 717 3607 ruamuus
739 3540 868 3606 emmo·

184 3668 297 3754 Potes,
326 3665 373 3736 mi
399 3669 546 3738 Secunde
575 3670 755 3755 carissime,
785 3671 855 3736 sine
884 3649 1102 3737 sollicitudine
1123 3671 1302 3767 religionis,

54 3785 85 3826 ³⁰
98 3773 128 3839 si
149 3773 212 3838 loci
233 3773 351 3858 positio
371 3774 498 3840 videtur
518 3773 581 3840 hoc
596 3774 794 3858 desiderare,
819 3772 930 3838 aedem
946 3772 1059 3839 Matris
1082 3773 1177 3838 deum
1198 3777 1304 3840 trans·

97 3876 184 3941 ferre
204 3875 241 3941 in
263 3897 334 3941 eam
357 3899 438 3963 quae
461 3880 511 3943 est
536 3876 821 3962 accommodatior3
848 3897 910 3942 nec
936 3878 970 3942 te
991 3880 1120 3943 moveat
1140 3876 1224 3963 quod
1251 3876 1302 3943 lex

167 4137 230 4191 bad
248 4137 277 4188 id
297 4137 443 4188 Calanaeua
462 4136 526 4187 addi
543 4138 568 4187 A
635 4133 805 4204 praecipere]
825 4137 932 4202 praeire
950 4152 968 4187 a
1043 4169 1086 4172 -=

166 4207 288 4259 XLVIII
307 4208 339 4256 10
358 4204 484 4256 libellum
502 4206 705 4271 Apamaeorum
724 4220 742 4255 ι
826 4207 959 4258 iunxeraa
976 4222 993 4257 a
1014 4207 1200 4258 iquxeruaA
1270 4209 1301 4257 11

98 4277 298 4327 necessitatem
317 4273 505 4340 perpendendi
524 4273 683 4326 Οιιιιιιιαειιι2
700 4275 900 4326 necessitatem
920 4276 1063 4343 Perpendi
1079 4276 1103 4325 A
1188 4278 1219 4327 13
1239 4290 1302 4326 cum

97 4343 159 4407 ipsc
178 4344 220 4409 (ut
238 4358 285 4396 eas
303 4342 466 4409 inspiceres)
486 4358 541 4394 nou
559 4344 745 4408 recusauerim
763 4345 787 4393 A
804 4359 866 4394 cum
883 4345 973 4412 ipsum
992 4351 1020 4396 te
1039 4350 1070 4399 ut
1083 4359 1131 4395 cas
1148 4344 1302 4411 inspiceres

97 4425 152 4460 non
172 4413 368 4464 recusauerint
385 4427 403 4460 a
472 4413 504 4462 16
524 4412 645 4463 futurum
663 4412 774 4463 Orellius

96 4491 98 4494 ’
166 4480 299 4533 XLVIIII
317 4482 360 4532 De
379 4479 510 4546 religioso
528 4482 630 4547 templo
649 4481 868 4532 transferendo.
877 4482 985 4537 XXXI.
1004 4483 1028 4532 A
1096 4482 1302 4548 ecquodnam

99 4548 226 4600 maxime
238 4554 363 4602 Gruterus
381 4566 433 4616 quo
453 4564 514 4600 cum
533 4551 650 4602 maxime
669 4565 687 4600 a
704 4551 778 4618 quod
797 4566 871 4603 nunc
888 4552 1006 4603 maxime
1023 4552 1047 4601 A
1134 4553 1166 4603 23
1184 4567 1236 4620 ego
1255 4553 1303 4605 Oa·

97 4621 208 4670 tattaeus
225 4634 291 4684 ergo
309 4621 333 4669 A
401 4617 478 4669 dicta
496 4632 513 4667 a
529 4619 626 4672 dicata
643 4622 666 4671 A
