2934 4966
592 273 838 326 ranncrnrcus
854 271 897 323 er.
911 271 954 334 ss.
1147 297 1150 302 ,
1312 258 1377 327 373

164 429 216 497 ilii
237 451 362 517 quoque
384 453 405 495 a
427 430 573 498 coendia
593 431 642 498 tui
666 430 782 517 capitis
804 430 913 498 oculos
936 429 1138 498 dimoverent
1157 433 1254 518 teque
1276 431 1375 499 relin-

116 559 118 562 ·
165 535 306 620 querent
323 533 409 600 uotis
431 556 512 620 qnae
534 556 599 601 non
628 534 738 621 palam
765 534 1017 619 susciperentur.
1056 534 1112 600 alii
1130 557 1165 601 se
1186 535 1377 622 superstites

166 636 216 702 rei
236 635 386 721 publicae
404 638 567 724 *optabant
588 636 834 722 faciebantque:
863 635 924 701 tibi
946 635 1032 727 solus
1055 640 1112 701 tua
1126 637 1233 703 invisa
1255 631 1377 724 est,'si

166 739 299 804 nonsit
321 761 394 806 cum
415 739 463 805 rei
485 739 635 826 publicae
656 738 761 805 salute
790 738 975 809 coniuncta.
995 736 1096 811 vnihii
1119 761 1177 826 pro
1199 743 1232 806 te
1254 742 1377 827 pateris

132 841 285 927 coptari,
308 842 373 908 uisi
395 842 547 929 expediat
568 843 774 929 optantibus,
797 842 1010 928 omnibusque
1031 842 1127 907 annis
1149 842 1185 907 in
1208 844 1384 911 consilium·

166 943 262 1010 dete
284 944 360 1012 deos
380 945 676 1034 mittisexigisque
697 946 736 1010 ut
756 944 951 1010 sententiam
970 966 1062 1010 suam
1084 948 1228 1030 mutent,
1250 947 1278 1012 si
1300 944 1377 1014 talis

167 1070 238 1115 esse
260 1048 407 1135 desieris,
430 1049 536 1136 qualis
559 1048 748 1115 electuses.
786 1047 843 1114 sed
865 1047 994 1139 ingenti
1010 1047 1220 1134 conscientia,
1245 1043 1375 1136 Caesar,

166 1152 341 1237 pacisceris
364 1173 438 1218 cum
459 1152 508 1217 dis
529 1154 568 1217 ut
587 1154 638 1238 te,
662 1150 690 1217 si
704 1151 874 1235 merueris,
898 1153 1037 1236 servent,
1060 1172 1134 1216 cunr
1154 1152 1238 1218 scias
1254 1142 1297 1217 an
1311 1152 1377 1218 me-

150 1255 266 1327 rearis
291 1253 463 1333 ,nerninem
494 1255 600 1342 magis
632 1275 729 1341 qnam
752 1252 828 1320 deos
850 1253 944 1320 scire.
990 1275 1101 1319 nonne
1123 1254 1232 1339 uobis,
1267 1259 1376 1341 patres

122 1382 153 1424 ro
167 1357 359 1443 conscripti,
382 1355 464 1424 haec
485 1357 600 1434 diebus
622 1380 661 1424 ac
682 1355 834 1423 noctibus
856 1357 984 1444 agitare
1006 1378 1115 1423 secum
1129 1357 1280 1434 uidetur?
1302 1366 1377 1446 ‘ego

165 1461 297 1547 quidem
317 1460 353 1527 in
375 1483 443 1546 me,
468 1461 504 1529 si
517 1461 661 1532 omnium
684 1459 812 1526 utilitas
831 1460 878 1525 ita
904 1463 1067 1546 posceret,
1098 1459 1198 1526 ctiam
1219 1461 1376 1546 praefecti
1440 1467 1443 1472 ’

165 1585 298 1630 manum
321 1563 463 1630 armari:
485 1564 542 1630 sed
563 1585 606 1629 ne
628 1564 760 1629 deorum
783 1562 915 1651 ‘quidem
939 1566 995 1627 aut
1015 1557 1107 1628 iram'
1122 1567 1179 1629 aut
1200 1562 1376 1652 neglegen-

165 1666 246 1732 tiam
269 1666 438 1752 deprecor,
460 1687 577 1756 quaeso
598 1665 698 1731 immo
720 1665 912 1731 et'obtestor
933 1685 975 1730 ne
989 1687 1142 1750 umquam
1155 1686 1215 1752 pro
1236 1688 1288 1732 me
1302 1671 1376 1733 vota

165 1791 217 1836 res
238 1769 370 1856 publica
390 1769 494 1834 inuita
515 1768 670 1854 suscipiat
692 1762 764 1853 aut,
786 1768 815 1834 si
837 1769 1016 1853 susceperit
1037 1768 1154 1854 invita,
1178 1791 1220 1834 ne
1236 1769 1373 1839 debeat'.

126 1872 255 1959 scapis
277 1894 372 1960 ergo,
396 1871 528 1955 Caesar,
550 1871 665 1937 salutis
686 1875 766 1936 tuae
783 1870 1054 1957 gloriosissimum
1074 1871 1216 1938 fructum
1239 1893 1278 1937 ex
1301 1894 1374 1938 oon·
1383 1875 1425 1942 68

163 1996 261 2040 sensu
284 1974 426 2063 deorum.
463 1996 539 2043 nam
561 1996 634 2041 cum
656 1972 799 2060 excipias
830 1977 867 2038 ut
894 1974 940 2040 ita
968 1973 1096 2039 demum
1123 1976 1157 2040 to
1179 1974 1211 2039 di
1234 1979 1373 2061 servent,

163 2077 192 2143 si
214 2075 296 2143 bene
317 2065 573 2164 rempublicam
596 2080 630 2142 ct
652 2099 691 2142 ex
713 2075 857 2142 utilitate
879 2076 1023 2141 omnium
1045 2077 1183 2161 rexeris,
1213 2079 1319 2143 certus
1341 2101 1375 2144 es

163 2180 247 2247 bene
268 2184 301 2247 te
322 2202 400 2246 rem.
413 2180 727 2268 publicam‘regere,
758 2200 831 2245 curn
853 2182 993 2245 servent.
1030 2179 1139 2266 itaque
1161 2202 1292 2246 securus
1313 2181 1375 2247 tibi
1422 2223 1425 2229 -

163 2286 198 2350 et
218 2284 322 2350 laetus
345 2283 517 2368 disserit,
548 2283 604 2369 qui
626 2283 790 2369 principes
819 2281 898 2347 alios
922 2275 999 2346 cura
1022 2285 1055 2347 et
1076 2281 1372 2369 metu-distinebat,

122 2408 151 2450 ro
164 2409 239 2453 cum
262 2386 411 2473 suspensi
433 2389 467 2453 et
488 2385 619 2451 attoniti
642 2407 819 2471 parumque
842 2384 954 2453 confisi
976 2384 1135 2475 patientia
1156 2388 1268 2451 nostra
1296 2385 1374 2453 hinc

163 2493 261 2576 atque
290 2489 367 2573 inde¹
394 2487 541 2574 publicae
564 2486 729 2553 servitutis
758 2486 892 2552 nuntios
915 2492 1135 2572 expectarent.
1174 2510 1212 2554 ae
1239 2489 1267 2554 si
1288 2489 1373 2555 forte

163 2592 288 2682 aliquos
310 2591 446 2656 flumina
467 2591 559 2656 nives
585 2590 674 2655 venti
697 2588 955 2675 praepedissent,
985 2578 1095 2656 statim
1117 2589 1179 2658 hoc
1201 2591 1281 2656 illud
1304 2575 1394 2658 esse⁸

163 2694 345 2785 credebant,
365 2694 450 2779 quod
477 2694 698 2778 merebantur,
725 2714 787 2758 nea
815 2695 883 2757 erat
911 2692 1085 2759 discrimen
1107 2693 1210 2759 ullum
1231 2694 1371 2780 pavoris,

162 2801 335 2885 propterea
357 2797 458 2883 quod,
483 2818 556 2862 oum
579 2819 598 2860 a
620 2796 706 2861 malo
728 2795 877 2882 principe
891 2798 1058 2881 tamquam
1073 2819 1239 2864 successor
1258 2797 1372 2865 timea-

119 2921 149 2962 re
162 2903 218 2965 tur
244 2899 389 2986 quisquis
417 2902 467 2965 est
495 2898 643 2985 dignior,
679 2921 752 2965 cum
780 2896 831 2964 sit
852 2921 949 2964 nemo
981 2895 1048 2965 non
1080 2901 1227 2987 dignior,
1260 2921 1372 2966 omnes

162 3003 330 3069 timentur.
369 3006 459 3067 tuam
482 3003 689 3067 securitatem
716 3014 784 3067 non
812 3023 902 3066 mora
924 3003 1127 3089 nuntiorum,
1155 3025 1221 3069 non
1249 3003 1372 3068 littera-

162 3128 234 3170 rum
256 3105 394 3170 tarditas
417 3105 541 3170 differt:
565 3104 628 3169 scis
656 3105 717 3169 tibi
744 3104 862 3190 ubique
883 3104 1001 3191 iurari,¹
1028 3107 1191 3192 cumipse
1215 3106 1371 3171 iuraveris

161 3209 327 3274 omnibus:
356 3229 452 3273 nemo
479 3208 541 3272 hoc
568 3228 636 3274 non
663 3206 726 3271 sibi
754 3209 908 3291 praestat
952 3231 1096 3275 amamus
1125 3209 1254 3295 quidem
1279 3194 1314 3274 te
1335 3207 1371 3274 in

161 3316 319 3397 quantum
339 3309 489 3393 mereris3
511 3308 605 3375 istud.
614 3311 724 3373 tamen
738 3330 805 3373 non
820 3309 868 3374 tui
882 3308 1143 3378 facimus'amore
1151 3362 1161 3396 ,
1183 3312 1240 3377 sed
1253 3312 1369 3397 nostri,

118 3434 147 3474 ao
161 3408 222 3480 nec
243 3411 602 3499 umquam-inlucescat
617 3410 763 3503 diesque
784 3434 851 3507 pro
873 3415 906 3478 te
928 3418 1098 3501 nuncupet
1123 3417 1199 3480 vote
1219 3437 1287 3480 non
1309 3413 1369 3479 uti·

161 3621 366 3635 ..uun—n·-

230 3762 244 3810 1
264 3756 378 3827 capitis]
400 3759 592 3825 corporisne
621 3793 625 3798 -
661 3760 678 3808 4
697 3773 746 3822 pro
770 3762 796 3808 te
814 3759 918 3824 poterit
936 3760 1026 3825 optari
1044 3775 1113 3810 corr.
1133 3762 1168 3813 al.
1186 3777 1253 3815 man.
1272 3776 1321 3827 pro
1340 3764 1368 3812 te

160 3829 264 3895 poteris
282 3830 416 3893 optaret
485 3825 709 3878 sconeiliunn
796 3825 922 3893 dsuam]
942 3833 1018 3878 tuam
1037 3830 1054 3878 d
1071 3830 1222 3879 tuarum&
1303 3827 1369 3880 talis

162 3913 225 3966 ess-e
244 3900 302 3952 cod.
322 3897 429 3948 Medici.
447 3908 466 3952 ς
484 3895 583 3946 tulisse
601 3895 664 3944 Bed
681 3900 710 3946 tu
730 3910 791 3946 esse
810 3897 832 3944 Δ
914 3898 928 3946 7
947 3896 997 3946 scd
1016 3904 1046 3948 tu
1064 3898 1173 3963 ingenti
1192 3898 1279 3948 code-‘u
1296 3898 1369 3949 Liui·

161 3968 213 4017 acii
253 3963 256 3970 '
282 3965 381 4016 caesar
399 3964 553 4030 pacisceris
569 3965 615 4018 Δς
634 3979 733 4014 caesar
752 3963 807 4030 qua
825 3965 978 4029 pacisceris
990 3966 1061 4016 led.
1082 3983 1115 4016 ua
1129 3966 1178 4016 sed
1197 3968 1297 4029 ingens
1315 3966 1369 4016 tibi

161 4035 349 4098 conscientia,
368 4033 483 4094 Caesar,
504 4049 558 4099 qua
577 4033 747 4098 pacisceris?
828 4036 844 4084 8
864 4031 1010 4100 merueris]
1032 4036 1182 4086 mereberis
1200 4036 1289 4085 Aaou
1312 4051 1368 4086 me·

162 4105 251 4155 rearis
268 4102 411 4154 Sicturdus
448 4105 478 4152 11
499 4098 640 4167 posceret]
660 4101 799 4166 prestetss
848 4103 1029 4166 inarmans
1090 4106 1122 4153 16
1141 4099 1182 4171 di]
1203 4103 1249 4156 dei
1265 4101 1333 4154 Ans

160 4176 192 4224 1⁷
206 4181 281 4224 etex
294 4171 418 4222 utilitate
429 4198 464 4207 -
478 4174 508 4222 18
522 4187 579 4220 rom
593 4170 732 4237 publicam
751 4187 798 4222 our.
815 4172 839 4220 Δ
874 4178 969 4222 certus
982 4187 1011 4221 es
1031 4175 1059 4222 te
1072 4171 1142 4224 bene
1156 4188 1213 4223 rem
1227 4172 1367 4238 publicam

142 4243 189 4294 'et
208 4258 242 4293 ex
260 4242 384 4293 utilitate
396 4240 481 4290 animi
494 4255 592 4304 regere
607 4240 776 4306 cuspinianus
852 4239 883 4289 18
895 4240 965 4290 bene
984 4246 1011 4290 te
1030 4241 1067 4290 cd
1084 4247 1111 4292 te
1131 4241 1237 4292 beueB
1325 4258 1369 4293 re·

159 4327 226 4376 gere
256 4311 285 4362 G.
305 4311 340 4360 H.
359 4310 516 4372 scameras
543 4323 638 4373 gerere
664 4309 775 4363 ΔΒοᾱς
802 4314 827 4358 ct
853 4311 1032 4373 superscripto
1060 4325 1089 4360 re
1113 4318 1174 4361 ante
1192 4326 1289 4375 gerere
1308 4313 1366 4362 rod.

159 4379 276 4438 Medici,
294 4386 321 4430 ut
339 4395 437 4445 regere
457 4379 565 4428 murae
582 4380 700 4428 videatur
718 4383 853 4427 corrector
871 4379 967 4427 codicis·
1037 4380 1070 4429 25
1084 4379 1208 4445 quisquis
1225 4380 1270 4436 Δς
1290 4379 1365 4444 quis·

159 4464 212 4514 que
231 4448 314 4498 Btod
382 4449 415 4497 27
433 4442 550 4513 ubique]
570 4446 689 4514 undique
707 4447 730 4496 Δ
800 4447 832 4496 28
851 4462 906 4496 uon
924 4446 978 4496 sibi
996 4447 1058 4496 lud
1078 4448 1133 4498 ribi
1151 4464 1205 4500 non
1217 4449 1263 4504 Δς
1280 4449 1367 4516 igitur

158 4532 213 4567 non
232 4533 249 4566 a
352 4518 385 4568 29
403 4521 498 4565 tamen
516 4530 571 4565 non
589 4516 630 4565 tui
648 4515 749 4565 mnan
772 4520 865 4565 tamen
885 4515 1080 4580 tuiAtamen
1097 4517 1140 4567 tui
1158 4532 1246 4569 nono
1332 4520 1366 4571 80

158 4582 224 4652 nea]
243 4601 303 4648 nos,
320 4587 472 4648 arridetur,
491 4598 561 4634 corr.
578 4599 613 4636 ne
631 4585 648 4634 b
