2934 4966
637 315 849 368 1111111110.
1036 382 1048 393 ⁸
1107 370 1110 376 ,
1298 325 1349 374 vu

46 479 49 483 ’
138 482 271 544 LIBER
286 528 294 543 .
309 481 411 544 UIIII
419 526 426 539 .
440 478 571 542 constat
584 473 847 540 membranarum
861 474 1025 542 fasciculis
1040 476 1152 543 decem
1166 481 1200 543 et
1214 461 1349 565 septem,

138 603 156 644 e
183 581 299 667 quibus
333 577 473 644 sedecim
509 581 586 644 sunt
613 577 859 662 quaterniones,
895 576 1028 644 ultimus
1067 583 1118 645 est
1155 580 1277 667 quinio.
1314 582 1349 647 in

137 683 244 768 prima
264 686 358 769 parte
379 683 522 768 paginae
544 679 666 748 habent
687 702 799 746 versus
821 680 952 746 vicenos
974 685 1008 746 et
1022 685 1211 769 quaternos,
1235 687 1348 768 postea

43 795 48 804 “
137 785 268 853 vicenos
291 789 325 850 et
351 785 483 870 quinos,
513 787 550 850 in
577 784 701 850 ultimis
724 783 922 849 membranis
950 785 1081 850 vicenos
1109 790 1143 851 et
1165 807 1259 852 senos
1282 807 1349 852 eoa·
1401 773 1410 782 ”

35 871 40 880 ’
137 911 199 974 que
221 888 450 954 minutioribus
473 887 592 953 litteris
614 890 774 955 exaratos.
811 887 852 951 ab
876 887 989 952 eodem
1010 887 1144 953 librario
1167 892 1275 955 autern
1297 911 1348 956 co

137 992 241 1058 dicem
270 991 428 1076 scriptum
454 1011 540 1077 esse,
569 991 625 1076 qui
647 989 754 1056 Taciti
781 989 882 1054 libros
910 989 1051 1076 quinque
1079 989 1129 1056 vel
1160 991 1269 1076 potius
1291 1014 1348 1058 sex
1415 1013 1418 1018 ·

29 1141 38 1151 .
135 1095 179 1160 ab
206 1115 339 1161 excessu
371 1093 437 1159 divi
466 1094 610 1180 Augusti
641 1094 678 1158 in
711 1092 821 1159 codice
849 1091 995 1158 Mediceo
1029 1091 1131 1179 plutei
1163 1091 1345 1160 LXVIIIl

136 1197 267 1282 scripsit
289 1199 323 1263 et
344 1195 423 1261 olim
450 1194 633 1261 Bandinius
661 1195 758 1261 catal.
782 1196 852 1262 cod.
881 1196 938 1262 lat.
963 1194 1111 1262 biblioth;
1134 1195 1287 1262 Laurent.
1314 1221 1345 1264 v.

134 1297 166 1364 II
188 1321 221 1384 p.
248 1299 312 1365 419
336 1298 427 1383 vidit,
450 1287 585 1364 etmihi
608 1303 693 1382 tum,
723 1320 796 1364 cum
818 1303 989 1384 utrumque
1009 1299 1130 1364 librum
1151 1299 1345 1386 tractabam,

134 1402 296 1487 apparuit.
334 1401 536 1487 quinetiam
560 1424 623 1469 uno
652 1401 816 1467 volumine
844 1401 923 1466 olim
952 1401 1031 1468 duca
1053 1402 1179 1468 codices
1202 1423 1346 1488 compre·

133 1503 253 1570 hensos
281 1504 333 1570 vel
361 1506 447 1570 certe
474 1505 531 1569 uni
555 1503 712 1570 volumini
734 1503 915 1570 destinatos
936 1503 1037 1570 fuisse
1059 1506 1188 1570 numeri
1216 1509 1344 1592 quater·

133 1609 279 1690 nionum,
303 1607 360 1692 qui
380 1607 416 1672 in
437 1609 513 1673 imis
533 1607 739 1692 marginibus
752 1605 939 1672 ultimarum
962 1607 1228 1694 uniuscuiusque
1248 1609 1346 1677 fasci·

135 1709 198 1776 culi
220 1709 423 1795 paginarum*
444 1710 486 1775 in<
505 1713 647 1800 utroque.
673 1709 783 1775 codice
806 1710 921 1795 scripti
950 1714 1042 1794 sunt,
1071 1710 1230 1778 indicant.
1267 1736 1345 1780 nam

134 1813 269 1879 cumin
297 1808 397 1877 Plinii
426 1810 536 1878 codice
565 1812 713 1877 continui
735 1813 803 1877 sint
829 1813 1081 1898 quaternionum
1115 1815 1241 1879 numeri
1268 1815 1344 1881 inde

133 1916 176 1981 ab
196 1914 214 1980 I
235 1936 337 2000 usque
360 1913 408 1978 ad·
415 1913 512 1980 XVII
520 1965 529 1997 ,
553 1915 612 1979 hos
632 1917 668 1980 in
682 1914 789 1980 Taciti
805 1915 916 1980 codiee
931 1916 1098 2001 excipiunt
1112 1918 1239 1983 numeri
1254 1940 1344 2003 pror·

131 2040 186 2084 sus
208 2017 320 2083 eodem
347 2016 419 2082 loco
440 2017 576 2102 antiqua
603 2038 704 2082 manu
723 2017 824 2103 positi
846 2017 959 2084 XVIII
981 2040 1081 2104 usque
1105 2020 1146 2084 ad
1168 2018 1340 2088 XXXIIII.

131 2120 188 2185 sed
202 2120 226 2184 ii
248 2118 429 2184 recentiore
449 2140 549 2184 manu
570 2119 646 2184 inde
668 2118 710 2183 ab
724 2119 962 2186 undevicesimo
984 2122 1198 2206 quaternione
1212 2123 1261 2187 ita
1275 2130 1344 2188 niu·

131 2224 194 2289 tati
216 2226 308 2306 sunt,
337 2225 374 2286 ut
396 2243 455 2306 pro
484 2225 592 2287 vetere
619 2222 734 2287 ordine
755 2224 783 2287 is
812 2223 867 2308 qui
895 2227 1011 2308 postca
1041 2224 1106 2290 fuit
1127 2223 1176 2310 Π,
1200 2223 1251 2290 ΙΙΙ
1272 2248 1342 2314 sqq.

130 2325 345 2393 indicaretur:
381 2347 444 2412 qua
477 2325 517 2391 de
550 2346 585 2390 re
612 2328 743 2402 auctore
772 2325 934 2391 Gulielmo
963 2326 1165 2393 Studemund
1193 2333 1343 2396 accurate

131 2429 214 2495 dixit
223 2427 404 2504 Ludovicus
416 2427 547 2499 Urlichs
562 2428 787 2494 inannalibus
802 2427 1009 2516 philologieis
1020 2431 1087 2497 Eos
1098 2430 1170 2499 aH
1185 2435 1228 2525 (a.
1245 2431 1341 2520 1865)
1383 2485 1385 2490 .

129 2556 163 2620 p.
176 2532 251 2597 224.
274 2532 384 2617 itaque
405 2553 477 2596 curn
501 2518 680 2616 alibrario,
703 2532 759 2618 qui
772 2532 912 2618 primum
928 2531 1028 2597 Plinii
1044 2528 1209 2618 epistulas,
1226 2533 1342 2600 deinde

129 2633 236 2700 Taciti
251 2632 352 2699 libros
367 2635 507 2719 scripsit,
532 2634 679 2699 continui
694 2634 944 2719 quaternionum
965 2636 1091 2700 numeri
1106 2637 1203 2721 positi
1220 2641 1340 2721 essent,

127 2739 242 2824 postea
265 2736 390 2802 duobus
412 2736 630 2803 voluminibus
652 2737 750 2802 factis
778 2737 814 2802 in
836 2739 1015 2822 posteriore
1036 2742 1146 2824 parte,
1175 2762 1258 2825 qnae
1280 2736 1341 2805 Ta·

129 2840 185 2906 citi
208 2839 308 2905 libros
330 2840 537 2925 continebat,
567 2837 694 2907 numeri
716 2839 764 2904 ita
786 2843 822 2904 ut
845 2840 912 2904 dixi
934 2841 1050 2906 mutati
1081 2863 1150 2906 esse
1178 2841 1343 2908 videntum
1433 2865 1435 2869 ’

126 2965 196 3009 nou
229 2942 396 3029 egebimus
429 2941 553 3028 igitur,
589 2944 721 3028 opinor,
763 2943 1068 3009 ratiocinationibus
1103 2943 1184 3022 illis,
1223 2944 1341 3030 quibus

128 3037 316 3113 Urlichsius'
335 3045 358 3111 1.
382 3067 410 3111 c.
443 3067 482 3112 ea
509 3067 592 3130 quae
619 3046 655 3110 in
678 3044 784 3114 Taciti
812 3045 922 3112 codice
949 3046 1124 3132 periissent
1153 3038 1340 3131 computare
1442 3107 1444 3110 .

126 3146 263 3213 studuit.
306 3148 374 3213 iam·
398 3169 474 3213 vero
502 3148 665 3234 quoniam¹
684 3147 790 3217 Taciti
820 3149 962 3214 codicem
994 3171 1081 3213 anno
1107 3149 1188 3214 1508
1217 3170 1234 3212 c
1264 3147 1340 3218 (lor-
1381 3194 1397 3224 ,-

117 3251 249 3317 beiensi
273 3252 470 3316 monasterio
498 3252 534 3316 in
556 3250 687 3316 Italiam
709 3255 891 3316 travectum
925 3273 995 3316 esse
1018 3255 1162 3331 constat,
1196 3251 1340 3337 sequitur

126 3354 264 3420 eandem
286 3354 449 3440 originem,
468 3375 537 3420 csse
554 3353 673 3419 codicis
688 3353 844 3420 Pliniaui.
884 3357 981 3440 atque
1004 3354 1031 3418 si
1048 3354 1207 3420 credimus
1221 3353 1338 3421 Ioanni

100 3444 250 3522 'Manae
274 3454 459 3541 Catenaeo,
475 3457 543 3541 'qui
565 3457 688 3541 primus
710 3457 797 3521 inter
818 3456 918 3522 Italos
946 3455 1008 3521 hoo
1027 3455 1113 3521 libro
1135 3478 1212 3522 usus
1234 3460 1284 3523 est
1306 3460 1339 3523 ct

124 3559 272 3645 pluribus
292 3555 378 3624 loeis
395 3559 463 3624 eius
486 3558 664 3643 scripturas
685 3559 824 3642 protulit
844 3559 880 3623 in
903 3557 1045 3624 secunda
1060 3558 1160 3624 Plinii
1184 3558 1337 3641 editione,
1443 3632 1445 3636 ,

125 3682 214 3748 quac,
229 3660 407 3738 Mediolani
429 3683 460 3742 a,
480 3660 562 3726 1518
583 3660 673 3725 facta
689 3665 746 3726 'est
761 3662 853 3748 (nam
874 3662 910 3726 in
924 3662 1029 3747 priore
1043 3662 1186 3727 editione
1208 3684 1236 3726 a.
1256 3662 1337 3728 1506
1386 3732 1387 3735 ,

125 3786 200 3831 cum
221 3785 290 3830 non
311 3763 453 3847 habuit),
469 3767 539 3827 tum
555 3759 665 3847 etiam,
690 3784 762 3827 oum
777 3762 884 3829 Taciti
901 3764 999 3829 codex
1013 3765 1167 3829 inventus
1189 3768 1248 3849 est,
1265 3785 1338 3829 cum
1373 3796 1374 3799 ¹

124 3867 181 3933 illo
204 3868 397 3933 coniunctus
418 3864 494 3930 fuit.
531 3886 609 3930 nam
637 3887 733 3950 quem
756 3865 938 3932 Catenaeus
967 3865 1172 3952 pontificium
1195 3864 1337 3931 codicem

124 3970 220 4055 dicit,
241 3970 271 4034 is
292 3991 312 4034 a
333 3967 495 4051 Mediceo,
518 3968 575 4053 qui
597 3970 667 4032 tum
689 3967 807 4034 Leonis
831 3967 861 4032 X
884 3969 1049 4054 pontificis
1073 3972 1158 4053 erat,
1191 3968 1335 4033 diversus

123 4095 191 4139 non
214 4076 274 4137 est.
312 4093 386 4137 eum
407 4070 511 4155 igitur
538 4073 623 4134 ‘cum
645 4069 737 4135 libris
765 4072 906 4156 quinque
930 4070 1072 4138 Cornelii
1094 4070 1200 4136 Taciti
1228 4092 1332 4156 nuper

122 4175 274 4242 inventis-
289 4173 499 4240 coniunctum
521 4172 633 4238 fuisse’
656 4174 770 4238 scribit
796 4174 831 4238 in
854 4174 994 4259 epistula
1015 4173 1063 4238 illi
1086 4172 1222 4238 editioni
1244 4193 1334 4258 prae-

122 4277 238 4363 missa,
276 4276 367 4342 cuius
393 4279 522 4360 partem
549 4297 632 4361 quae
659 4274 723 4341 huc
750 4277 893 4362 pertinet
920 4276 1008 4341 infra
1036 4274 1203 4353 exhibebo,
1233 4278 1267 4339 et
1295 4273 1334 4340 de

123 4379 236 4446 eodem
258 4380 293 4444 in
317 4378 549 4444 commentario
565 4378 660 4464 epist.
676 4377 739 4463 12,
755 4381 776 4443 2
792 4387 914 4464 ‘quare’
930 4378 1038 4464 inquit
1054 4376 1222 4444 ‘sincerior
1237 4376 1333 4442 lectio

123 4482 251 4548 elicitur
272 4481 314 4547 ab
337 4503 375 4546 eo
397 4480 590 4568 exemplari,
611 4482 648 4546 in
669 4502 732 4566 quo
754 4485 832 4547 sunt
853 4479 902 4545 illi
923 4483 990 4545 tres
1012 4480 1089 4546 libri
1105 4479 1204 4547 Corn.
1227 4479 1333 4545 Taciti

121 4607 228 4672 nuper
248 4584 424 4672 publicati,
448 4605 520 4650 nam
543 4591 600 4650 vim
623 4597 774 4651 tarataram
796 4589 956 4652 verborum
979 4589 1092 4666 pauci,
1126 4603 1199 4665 quos
1220 4603 1335 4663 aequas·

94 4853 119 4891 l.
