2934 4966
394 1191 449 1292 c:
465 1191 618 1292 mm
650 1191 870 1294 claein
900 1194 1140 1297 saurim
1255 1129 1256 1134 Ὗ

239 1393 1231 1530 'PANEGYRIOUS

659 1626 864 1639 ...και-.-

246 1755 337 1823 Bene
359 1779 398 1823 ae
420 1758 601 1843 sapienter,
632 1762 743 1843 patras
767 1760 959 1844 conscripti,
988 1761 1125 1825 maiores
1153 1759 1395 1827 institueruntl
1424 1799 1426 1803 ι

158 1863 196 1924 ut
217 1881 326 1926 rerum
348 1861 548 1946 agendarum
570 1862 618 1927 ita
633 1858 762 1926 dicendi
784 1860 915 1926 initium
938 1861 1217 1947 aprecationibus
1240 1883 1365 1949 capere,

131 1961 245 2048 equod
266 1962 350 2030 nihil
372 1964 452 2049 rite,
480 1963 565 2042 nihil
585 1964 799 2056 'providenter
820 1963 968 2028 homines
991 1963 1061 2029 sine
1084 1964 1216 2030 deorum
1238 1965 1367 2030 immor·

157 2066 273 2132 talium
303 2088 364 2152 ope
393 2067 528 2133 consilio
555 2065 678 2133 honore
706 2066 963 2152 auspicarentur.
1000 2067 1055 2152 qui
1083 2089 1153 2132 mos
1185 2070 1236 2133 cui
1258 2070 1367 2153 potius

158 2191 257 2257 quam
271 2245 274 2250 ,
287 2169 413 2236 consuli
445 2173 503 2252 aut
529 2170 659 2256 quando
685 2169 791 2254 magis
824 2168 1028 2258 usurpandus
1059 2169 1274 2256 colendusque
1304 2175 1365 2255 est,

126 2350 128 2354 y
157 2294 256 2357 quam
280 2294 353 2338 cum
374 2272 511 2358 imperio
533 2275 664 2345 senatus
671 2320 680 2353 ,
704 2271 900 2351 auctoritate
918 2271 966 2336 rei
986 2271 1135 2356 publicae
1158 2272 1199 2337 ad
1221 2273 1366 2358 agendas

157 2377 283 2461 optimo
303 2375 443 2461 principi
472 2375 597 2460 gratias
618 2373 820 2439 excitamur?
848 2373 933 2459 quod
956 2373 1043 2439 enim
1065 2375 1296 2460 praesiabilius
1315 2381 1369 2453 est¹

120 2498 145 2539 ιο
159 2482 217 2543 aut
230 2477 397 2564 pulchrius
412 2498 530 2542 munus
544 2477 678 2556 deorum
699 2498 795 2562 quam
812 2479 919 2541 castus
935 2479 969 2541 et
990 2480 1122 2543 sanctus
1137 2483 1173 2544 et
1194 2478 1243 2557 dis
1266 2479 1366 2544 simil·
1396 2511 1401 2520 ·
1450 2481 1453 2486 ’

157 2569 254 2646 limus
281 2579 458 2668 princeps?
485 2601 524 2646 ac
551 2580 578 2644 si
602 2578 706 2652 adhuc
729 2570 860 2643 dubium
885 2579 1017 2664 fuisset,
1047 2580 1134 2646 forte
1155 2599 1294 2669 casuque
1316 2603 1366 2646 re·

158 2688 263 2750 atores
285 2684 381 2750 terris
404 2705 447 2748 an
476 2683 585 2768 aliquo
606 2683 739 2747 numine
761 2681 931 2766 darentur,
959 2683 1141 2769 principem
1169 2687 1280 2751 tamen
1307 2705 1364 2750 ne
1456 2675 1457 2678 ¹

157 2790 260 2853 strum
282 2787 420 2872 liqueret
434 2784 590 2850 divinitus
614 2785 837 2850 constitutum.
868 2787 1038 2851 nonenim
1059 2786 1189 2852 occulta
1201 2790 1364 2873 potestate

156 2888 316 2973 satorum,
339 2889 396 2954 sed
419 2889 460 2954 ab
481 2887 558 2954 Iove
579 2888 650 2973 ipso
667 2909 774 2953 coram
796 2909 834 2952 ac
855 2888 964 2973 palam
984 2893 1131 2975 repertus
1154 2894 1220 2975 est3
1242 2890 1364 2956 electus

120 3012 145 3052 15
157 2979 278 3080 quippe
299 2993 387 3058 inter
408 2986 481 3058 aras
504 2995 538 3056 et
559 2991 675 3056 altaria
698 2989 873 3075 eodemque.
892 2991 971 3075 loci,
989 3014 1095 3077 ‚quem
1118 2992 1195 3058 deus
1217 2993 1272 3071 ille
1294 2996 1363 3075 tam
1382 3072 1386 3076 ¹

157 3097 350 3162 manifestus
373 3117 411 3161 ac
433 3115 587 3181 praesens
602 3116 698 3180 quam
722 3095 847 3160 caelum
869 3116 908 3159 ac
923 3094 1028 3159 sidera
1051 3095 1180 3162 insedit.
1210 3116 1274 3180 quo
1296 3117 1363 3160 ma·

157 3200 209 3285 gis
228 3202 343 3285 aptum
364 3199 517 3284 piumque
538 3202 588 3262 est
608 3201 658 3281 tc,
682 3197 830 3282 Iuppiter
852 3198 973 3282 optime
988 3200 1143 3281 maxime,
1168 3202 1265 3263 antea
1287 3219 1362 3263 con-

156 3303 413 3386 ditoren1,nun'e
429 3305 694 3368 conservatorem
702 3297 959 3386 iniperii'ncstri5
976 3301 1101 3384 precari
1112 3306 1150 3366 ut
1162 3300 1244 3368 mihi
1260 3300 1361 3386 digna

157 3404 303 3488 consule,
332 3405 434 3492 digna
456 3408 589 3484 senatu,
621 3405 722 3490 digna
737 3394 896 3490 *principe
920 3404 1092 3488 contingat
1112 3403 1232 3487 oratic,
1261 3406 1361 3488 utque

117 3507 305 3574 nomnibus
327 3529 409 3594 quac
431 3507 582 3598 dicentur
603 3529 623 3572 a
644 3528 696 3572 me
718 3505 852 3572 libertas
874 3492 952 3571 fides
975 3499 1093 3571 veritas
1117 3494 1244 3572 constet
1285 3508 1359 3570 tan·

153 3684 359 3695 ——-——

224 3789 237 3836 1
251 3785 410 3838 INCIPIT.
423 3780 1357 3839 Panaarurcvsfamu.sacvnnl.n10rvsscallam.
1394 3807 1396 3811 ·

153 3855 324 3907 AVGVSTO
350 3857 374 3904 Α
400 3854 431 3910 C.
459 3856 576 3906 PLINII
603 3854 763 3907 SECVNDI
790 3851 1076 3906 NOl'OCOMENSIS
1102 3849 1358 3902 PANEGYNIOVS

153 3923 317 3976 TRAIANO
344 3923 516 3978 IlIPEIiA'l'.
544 3923 713 3987 D10Tvsss
741 3923 771 3975 C.
795 3922 912 3974 PLINII
940 3920 1100 3972 SECVNDI
1126 3915 1357 3969 VERONIINSIS

150 3991 440 4045 NOVOCOMENSIS
459 3992 641 4044 ORATORIS
660 3991 916 4044 PANEGYRICVS
929 3988 1092 4040 TRAIANO
1104 3986 1239 4039 DICTVS
1256 3984 1359 4036 IMPE-

151 4062 300 4114 RATORI.
318 4061 409 4112 XIIII.
427 4060 655 4112 FOELICITER
673 4061 815 4112 INCIPIT
833 4062 849 4108 b
871 4059 958 4109 Plinii
977 4057 1097 4109 Secundi
1117 4055 1284 4106 Veronensis
1303 4055 1357 4105 Pa·

150 4133 298 4198 nagirIcus
316 4130 352 4181 ad
369 4130 520 4180 Traianum
529 4131 730 4196 Imperatorem
748 4128 981 4179 urbisRomanec
999 4126 1186 4177 CAIPLINII
1197 4121 1357 4174 SECVNDI

105 4205 118 4225 ⁸
150 4199 336 4253 ORATORIS
356 4198 479 4250 EXIMII
497 4196 751 4249 PANAGYNICVS
770 4195 903 4249 DIOTVS
924 4195 1012 4247 DIVO
1031 4194 1192 4246 TRAIANO
1210 4194 1226 4242 i

219 4307 236 4353 4
254 4319 356 4370 capere
374 4302 436 4352 neu
455 4307 589 4367 caperent
605 4303 628 4350 A
646 4306 793 4368 caperetur
811 4313 828 4356 ς
930 4303 947 4351 ὃ
964 4298 1034 4350 nihil
1056 4299 1110 4349 rite
1127 4297 1251 4360 nihilque
1268 4295 1357 4362 proui-

150 4367 310 4428 denterne
408 4371 487 4420 (icui
505 4386 553 4423 om.
571 4371 603 4434 A,
628 4373 689 4421 add.
707 4369 762 4420 Δί
850 4371 881 4420 13
900 4368 1030 4432 liquati
1117 4368 1149 4417 14
1167 4370 1294 4430 repertus
1312 4371 1356 4416 est

149 4438 260 4491 electus
279 4442 382 4508 quippe
394 4439 554 4491 sereonas
572 4445 697 4502 repertus
716 4439 823 4490 electus
841 4442 885 4489 est
903 4438 1004 4503 qnippe
1016 4437 1083 4486 nne
1101 4439 1228 4500 repertus
1248 4434 1356 4485 clectus

149 4507 254 4571 quippe
273 4511 289 4559 d
369 4511 400 4560 17
420 4509 537 4559 maxime
555 4524 602 4558 om.
621 4508 698 4572 noa,
716 4510 778 4559 add.
796 4507 820 4557 A
906 4509 938 4557 18
956 4506 1067 4572 imperii
1084 4505 1174 4555 nostri
1189 4504 1251 4554 see
1268 4504 1358 4555 nostri

148 4574 300 4640 imperiih
