2934 4966
152 306 265 355 xxxvl
643 303 857 355 euhnuurlo.

153 469 235 526 urium
257 466 391 541 scriptae
412 465 443 522 ia
471 463 617 526 breuitate
638 464 807 540 Laconica,
837 478 916 539 quae
943 464 973 523 in
997 451 1161 540 epistolico'
1175 459 1362 525 charactere

152 569 239 627 hacid
256 583 368 641 parrum
390 566 479 626 liutet
501 568 768 628 concinnitudinis.
807 565 873 625 llas
882 567 1029 642 proxime
1049 569 1215 643 reeoqnoui
1231 583 1355 627 emacu-

152 663 292 744 latasque
313 683 376 727 una
398 686 465 729 curm
490 670 684 748 Paneqprico
706 649 925 745 imprimendos
952 668 1027 728 dedi
1048 671 1211 730 Benedicta
1233 671 1361 745 impres·

151 774 216 832 sori
235 771 473 848 bibliopolaeque
487 774 720 847 eleqautissimo.
753 770 904 846 Ouicquid
916 771 950 831 id
964 780 1022 850 est,
1055 772 1179 842 Lector,
1202 772 1273 832 boni
1285 786 1361 832 con·

151 877 225 935 sule.
254 869 290 935 in
312 869 377 934 fine
399 872 557 934 Bononiae
584 876 671 951 apud
693 874 888 934 Benedicturn
915 872 1051 936 Hectoris
1073 875 1124 935 die
1142 873 1270 935 XXIV.
1307 872 1362 932 Ia·

152 978 259 1038 nuccii
280 977 325 1037 ul.
349 977 387 1037 J).
410 975 456 1037 II.
470 974 502 1047 *t
525 975 636 1038 secuta
658 974 707 1037 est
728 970 843 1036 deinde
866 995 894 1036 a.
914 971 996 1037 1506
1025 971 1123 1037 editio
1146 969 1359 1054 (interanei,

152 1076 207 1161 qui
229 1076 265 1140 in
287 1073 426 1159 epistula
454 1074 495 1138 ed
517 1074 723 1140 Ambrosium
745 1073 901 1158 Meynum
930 1075 959 1139 ei
987 1073 1074 1160 perti
1102 1072 1253 1139 editionis
1275 1094 1362 1158 quae

151 1177 215 1243 huc
237 1178 382 1262 pertinet
401 1177 580 1262 praemissa
602 1178 641 1242 de
664 1198 761 1262 opera
784 1198 841 1240 sua
863 1176 977 1243 scribit
999 1175 1094 1261 haec,
1116 1181 1234 1240 Fateor
1255 1187 1357 1246 tamen

153 1302 273 1346 necesse
300 1292 345 1344 est
359 1286 494 1360 primurn
522 1283 608 1344 nobis
636 1287 667 1344 in
696 1286 797 1345 animo
816 1283 914 1358 fuisse
934 1285 991 1345 iras
1012 1288 1147 1346 intactas
1168 1285 1360 1359 relinquere:

153 1395 182 1447 et
203 1389 276 1462 quia
299 1400 359 1447 uno
380 1392 498 1447 tuntum
519 1388 695 1464 exemplari
716 1394 844 1464 praeter
869 1389 1019 1465 impressa
1046 1403 1102 1447 uec
1123 1387 1174 1445 illo
1197 1387 1362 1446 admodum

152 1497 267 1551 uetusto
300 1477 402 1550 adiuti.
425 1487 564 1562 suimus:
594 1498 624 1549 et
654 1505 693 1548 ne
719 1492 832 1551 iccirco
864 1488 972 1551 ansam
1000 1488 1157 1550 maledicis
1178 1486 1368 1564 otinrqandi

152 1593 300 1652 daremus.
338 1590 401 1653 Sed
421 1609 488 1653 cum
511 1592 604 1652 altius
624 1595 941 1670 consqderauissemus
966 1593 1082 1654 nnllam
1108 1607 1170 1652 non
1198 1591 1366 1669 quamlibet

104 1709 126 1722 ‘¹
150 1695 329 1756 oblatrandi
349 1696 536 1757 occasionem
560 1699 700 1769 quamuis
721 1698 857 1772 iniquam
879 1696 1067 1757 detractores
1080 1701 1308 1771 aucupaturos:
1331 1703 1361 1755 et

147 1801 312 1874 puritatem
335 1799 428 1858 latini
446 1801 593 1859 sermonis
615 1801 645 1858 in
676 1798 734 1860 lroc
756 1801 901 1874 opusculo
927 1801 1134 1860 intueremur:
1166 1814 1208 1858 eu
1237 1797 1363 1872 eiusque

150 1903 279 1962 lectione
301 1903 464 1961 mutarum
485 1918 588 1962 rerum
611 1901 798 1961 commodum
821 1903 929 1962 multos
944 1907 1173 1962 consecuturos:
1191 1899 1363 1983 quibusque

147 2006 291 2080 priorum
313 2006 400 2065 stilus
416 2009 572 2079 pressior:
593 2009 623 2062 et
643 2006 812 2064 emcrnctior
833 2019 894 2063 nou
913 2005 1097 2080 placuisset:
1118 2019 1211 2079 posse
1232 2003 1291 2064 lroe
1312 2019 1361 2062 sa
1446 2024 1450 2030 ·

151 2107 280 2167 lutiore:
302 2107 353 2165 uel
369 2104 519 2179 faciliore
540 2107 685 2166 detineri:
707 2105 900 2174 adhibuimus
921 2122 1003 2166 eam:
1027 2122 1117 2180 quam
1137 2108 1293 2182 potuimus
1314 2105 1362 2165 di·

151 2211 324 2284 lipentiam:
353 2215 382 2269 et
402 2208 611 2270 emendando:
641 2216 679 2280 et⁴
698 2208 929 2285 interpretando
949 2215 1054 2285 spreta
1076 2208 1250 2270 inuiderum
1272 2210 1362 2268 mali·

152 2313 296 2372 uolentia.
334 2291 470 2392 utreque
499 2309 607 2371 nutem
629 2305 727 2371 editio
749 2328 789 2371 ex
811 2305 946 2371 Avn'ntii
968 2305 1115 2391 exemplo
1136 2306 1184 2371 ita
1206 2327 1361 2392 expressa

156 2413 221 2494 est,
242 2414 281 2475 ut
303 2431 522 2496 quaecumque
543 2412 669 2479 mutata
698 2411 777 2474 sunt
798 2408 992 2474 coniecturis
1008 2408 1166 2474 editorum
1188 2408 1363 2486 tribuenda
1429 2496 1432 2501 ⁶

153 2513 230 2577 sint.
269 2533 346 2576 nam
369 2511 452 2597 quod
476 2511 657 2579 Catenaeus
685 2533 783 2576 manu
804 2511 926 2595 scripto
955 2511 1130 2595 exemplari
1158 2532 1193 2576 se
1215 2505 1363 2576 adiutum

153 2636 223 2679 esse
246 2614 395 2679 adfirmat
402 2665 411 2699 ,
434 2614 505 2679 fieri
527 2635 605 2679 sane
626 2613 734 2699 potuit
754 2616 791 2678 ut
822 2611 1045 2699 apographum
1074 2613 1249 2678 earundem
1271 2611 1363 2680 eche*

154 2716 282 2800 derum,
312 2716 428 2802 quibus
451 2715 612 2781 Aventius
634 2737 710 2780 usus
733 2717 820 2799 erat,
850 2736 923 2779 eum
945 2715 1140 2780 coniecturis
1168 2715 1363 2802 quibusdam

152 2841 251 2885 manu
274 2819 404 2903 scriptis
427 2818 577 2904 haberet3
599 2840 704 2904 neque
726 2821 836 2883 tamen
852 2817 1024 2904 quicquam
1039 2840 1077 2883 ex
1099 2818 1231 2883 meliore
1253 2817 1363 2904 aliquo

154 2921 272 2986 codicis
295 2920 541 3008 apographum
565 2921 738 2986 editionem
766 2921 906 3005 recepit,
937 2921 992 2986 sed
1020 2922 1123 2986 multa
1150 2924 1271 2986 temere
1293 2943 1366 2987 mu·

97 3031 100 3035 ’
153 3023 252 3108 tavit,
276 3046 379 3108 pauca
402 3028 491 3089 recte
513 3023 713 3108 emendavit,
736 3045 871 3108 quorum
893 3023 976 3087 nihil
992 3028 1057 3109 est,
1082 3024 1166 3110 quod
1180 3023 1272 3090 facili
1288 3046 1362 3090 con·

153 3125 276 3190 iectura
299 3125 439 3191 inveniri
460 3148 528 3191 non
549 3127 702 3211 potuerit.

239 3227 365 3294 Novem
399 3228 574 3309 editionem
606 3228 728 3292 duobus
762 3229 857 3294 annis
889 3233 964 3313 post
997 3228 1197 3296 Catenaeum
1232 3233 1362 3316 paravit

154 3329 307 3415 Aldus,
336 3331 391 3417 qui
415 3331 538 3416 primus
560 3335 593 3396 et
615 3330 771 3416 epistulas
800 3334 896 3396 antea
918 3331 1054 3397 omissas
1077 3331 1178 3398 edidit
1201 3336 1234 3398 et
1255 3336 1361 3399 totum

155 3431 274 3498 librum
304 3437 469 3518 tamquam
497 3433 656 3499 decimum
685 3456 757 3499 cum
785 3456 900 3499 novem
929 3435 1138 3520 epistularum
1166 3435 1258 3501 libris
1287 3457 1362 3501 con-

153 3535 270 3600 iunxit.
302 3535 415 3601 dehac
437 3536 578 3601 editione
601 3536 722 3602 dictum
738 3540 788 3601 est
802 3558 900 3622 supra
922 3560 954 3622 p.
972 3536 1062 3603 XXI.
1079 3538 1135 3603 sed
1163 3559 1361 3624 quamquem

155 3636 257 3702 Aldus
290 3660 357 3703 non
391 3638 492 3703 solum
532 3639 755 3724 apographum
794 3640 912 3705 codicis
946 3662 965 3703 a
999 3639 1145 3705 Iucunda
1179 3639 1361 3706 Veronensi

157 3739 281 3805 factum
318 3740 374 3806 sed
409 3742 506 3806 etiam
543 3743 649 3826 ipsum
688 3741 830 3807 codicem
872 3764 906 3807 se
943 3741 1095 3807 habuisse
1131 3742 1268 3826 scribit,
1312 3746 1361 3807 te-

153 3863 232 3907 men
265 3865 307 3908 ne
341 3842 417 3908 huic
447 3844 574 3929 quidem
608 3845 643 3908 in
676 3844 716 3908 iis
750 3844 895 3929 epistulis
918 3866 1000 3929 quae
1023 3848 1120 3909 antea
1141 3846 1246 3911 editae
1268 3851 1364 3913 erent

154 3946 257 4010 maior
292 3945 372 4011 fides
408 3945 558 4011 habenda
590 3949 639 4011 est
683 3969 779 4032 quam
816 3944 975 4012 Beroaldo
1013 3947 1063 4012 vel
1087 3934 1281 4034 Datamen,
1320 3950 1362 4015 si·

154 4048 282 4134 quidem
315 4048 388 4114 illes
420 4071 488 4114 non
516 4071 555 4113 ex
589 4070 673 4114 novo
702 4048 890 4135 apographo
922 4050 973 4113 vel
1007 4071 1046 4114 ex
1072 4050 1143 4135 ipso
1172 4052 1281 4118 codice
1309 4049 1362 4116 de-

156 4205 187 4215 ..-

224 4309 250 4373 *)
262 4308 348 4360 Falso
358 4309 424 4360 otim
434 4309 568 4361 creditum
579 4308 758 4360 estBeroaldi
772 4309 923 4359 editionem
937 4311 1056 4374 priorem
1064 4326 1125 4362 esee
1137 4326 1218 4376 quam
1224 4310 1363 4362 Arantin-

156 4386 228 4439 nnrn,
245 4382 392 4442 propterea
404 4379 477 4442 quod
488 4378 537 4428 illa
550 4393 644 4427 mense
656 4379 795 4439 Ianuario,
816 4378 882 4427 haec
894 4378 969 4428 Maio
989 4379 1111 4429 eiusdem
1128 4379 1193 4428 enni
1209 4379 1287 4430 iacta
1300 4395 1362 4430 esse

156 4446 264 4498 dicitnr.
295 4461 415 4497 errorem
443 4463 477 4498 ex
503 4453 597 4498 vetere
622 4462 754 4497 annorum
779 4448 902 4508 ratione,
930 4447 960 4496 in
988 4463 1042 4512 qua
1061 4463 1078 4496 a
1099 4448 1234 4498 Kalendis
1251 4447 1363 4499 hiartiis

156 4528 266 4633 penses
285 4515 535 4580 computabuntur,
563 4521 652 4565 ortum
678 4517 789 4582 aperuit
811 4515 934 4567 Orellius
961 4515 1025 4566 hist.
1046 4516 1106 4566 crit.
1136 4517 1217 4581 epist.
1244 4516 1316 4570 Pliu.
1334 4523 1365 4567 et

182 4581 231 4631 rai.
251 4598 276 4651 p.
294 4584 319 4632 3.
