<?xml version="1.0" encoding="UTF-8"?>
<!DOCTYPE html PUBLIC "-//W3C//DTD XHTML 1.0 Transitional//EN"
    "http://www.w3.org/TR/xhtml1/DTD/xhtml1-transitional.dtd">
<html xmlns="http://www.w3.org/1999/xhtml" xml:lang="en" lang="en">
 <head>
  <title>
</title>
<meta http-equiv="Content-Type" content="text/html;charset=utf-8" />
  <meta name='ocr-system' content='tesseract 3.04.00' />
  <meta name='ocr-capabilities' content='ocr_page ocr_carea ocr_par ocr_line ocrx_word'/>
</head>
<body>
  <div class='ocr_page' id='page_1' title='image "./cplinicaecilise00plingoog_0054.png"; bbox 0 0 2934 4966; ppageno 0'>
   <div class='ocr_carea' id='block_1_1' title="bbox 600 342 1313 396">
    <p class='ocr_par' dir='ltr' id='par_1_1' title="bbox 600 342 1313 396">
     <span class='ocr_line' id='line_1_1' title="bbox 600 342 1313 396; baseline 0.006 -5"><span class='ocrx_word' id='word_1_1' title='bbox 600 342 813 396; x_wconf 75' lang='lat' dir='ltr'>PRAEFATIO·</span> <span class='ocrx_word' id='word_1_2' title='bbox 1207 343 1313 395; x_wconf 79' lang='lat' dir='ltr'>xnv11</span> 
     </span>
    </p>
   </div>
   <div class='ocr_carea' id='block_1_2' title="bbox 105 497 1315 893">
    <p class='ocr_par' dir='ltr' id='par_1_2' title="bbox 105 497 1315 893">
     <span class='ocr_line' id='line_1_2' title="bbox 105 497 1315 585; baseline -0.001 -21"><span class='ocrx_word' id='word_1_3' title='bbox 105 497 200 564; x_wconf 82' lang='lat' dir='ltr'>valde</span> <span class='ocrx_word' id='word_1_4' title='bbox 222 501 408 582; x_wconf 88' lang='lat' dir='ltr'>corruptum</span> <span class='ocrx_word' id='word_1_5' title='bbox 429 497 530 564; x_wconf 84' lang='lat' dir='ltr'>fuisse</span> <span class='ocrx_word' id='word_1_6' title='bbox 554 498 697 564; x_wconf 82' lang='lat' dir='ltr'>codicem</span> <span class='ocrx_word' id='word_1_7' title='bbox 720 498 810 564; x_wconf 89' lang='lat' dir='ltr'>cuius</span> <span class='ocrx_word' id='word_1_8' title='bbox 831 498 1020 585; x_wconf 81' lang='lat' dir='ltr'>apographa</span> <span class='ocrx_word' id='word_1_9' title='bbox 1041 498 1198 564; x_wconf 79' lang='lat' dir='ltr'>lrabernus</span> <span class='ocrx_word' id='word_1_10' title='bbox 1219 498 1315 565; x_wconf 89' lang='lat' dir='ltr'>intel·</span> 
     </span>
     <span class='ocr_line' id='line_1_3' title="bbox 106 599 1315 687; baseline 0.002 -22"><span class='ocrx_word' id='word_1_11' title='bbox 106 600 229 687; x_wconf 80' lang='lat' dir='ltr'>legant.</span> <span class='ocrx_word' id='word_1_12' title='bbox 267 599 384 666; x_wconf 82' lang='lat' dir='ltr'>deinde</span> <span class='ocrx_word' id='word_1_13' title='bbox 405 622 497 685; x_wconf 82' lang='lat' dir='ltr'>vero,</span> <span class='ocrx_word' id='word_1_14' title='bbox 529 601 683 686; x_wconf 88' lang='lat' dir='ltr'>quoniam</span> <span class='ocrx_word' id='word_1_15' title='bbox 710 601 800 686; x_wconf 86' lang='lat' dir='ltr'>ipsae</span> <span class='ocrx_word' id='word_1_16' title='bbox 822 601 1059 667; x_wconf 87' lang='lat' dir='ltr'>Ambrosianae</span> <span class='ocrx_word' id='word_1_17' title='bbox 1082 600 1218 668; x_wconf 80' lang='lat' dir='ltr'>schedae</span> <span class='ocrx_word' id='word_1_18' title='bbox 1241 624 1315 668; x_wconf 90' lang='lat' dir='ltr'>cum</span> 
     </span>
     <span class='ocr_line' id='line_1_4' title="bbox 106 692 1314 789; baseline 0.002 -21"><span class='ocrx_word' id='word_1_19' title='bbox 106 703 179 768; x_wconf 85' lang='lat' dir='ltr'>aliis</span> <span class='ocrx_word' id='word_1_20' title='bbox 202 704 292 768; x_wconf 84' lang='lat' dir='ltr'>vitiis</span> <span class='ocrx_word' id='word_1_21' title='bbox 313 706 384 768; x_wconf 89' lang='lat' dir='ltr'>tum</span> <span class='ocrx_word' id='word_1_22' title='bbox 406 692 659 789; x_wconf 88' lang='lat' dir='ltr'>interpolatione</span> <span class='ocrx_word' id='word_1_23' title='bbox 682 703 878 789; x_wconf 80' lang='lat' dir='ltr'>depravatae</span> <span class='ocrx_word' id='word_1_24' title='bbox 905 706 997 788; x_wconf 88' lang='lat' dir='ltr'>sunt,</span> <span class='ocrx_word' id='word_1_25' title='bbox 1028 708 1177 769; x_wconf 76' lang='lat' dir='ltr'>neutram</span> <span class='ocrx_word' id='word_1_26' title='bbox 1204 726 1314 770; x_wconf 89' lang='lat' dir='ltr'>recen·</span> 
     </span>
     <span class='ocr_line' id='line_1_5' title="bbox 105 805 1315 893; baseline 0.002 -23"><span class='ocrx_word' id='word_1_27' title='bbox 105 807 229 871; x_wconf 89' lang='lat' dir='ltr'>sionem</span> <span class='ocrx_word' id='word_1_28' title='bbox 251 806 331 871; x_wconf 87' lang='lat' dir='ltr'>satis</span> <span class='ocrx_word' id='word_1_29' title='bbox 354 806 537 893; x_wconf 80' lang='lat' dir='ltr'>integram,</span> <span class='ocrx_word' id='word_1_30' title='bbox 560 807 616 872; x_wconf 86' lang='lat' dir='ltr'>sed</span> <span class='ocrx_word' id='word_1_31' title='bbox 638 806 741 872; x_wconf 87' lang='lat' dir='ltr'>multa</span> <span class='ocrx_word' id='word_1_32' title='bbox 762 806 829 871; x_wconf 85' lang='lat' dir='ltr'>iam</span> <span class='ocrx_word' id='word_1_33' title='bbox 851 806 985 892; x_wconf 88' lang='lat' dir='ltr'>antiquo</span> <span class='ocrx_word' id='word_1_34' title='bbox 999 809 1145 891; x_wconf 88' lang='lat' dir='ltr'>tempore</span> <span class='ocrx_word' id='word_1_35' title='bbox 1166 807 1201 871; x_wconf 92' lang='lat' dir='ltr'>iu</span> <span class='ocrx_word' id='word_1_36' title='bbox 1216 805 1315 873; x_wconf 88' lang='lat' dir='ltr'><strong>Plinii</strong></span> 
     </span>
    </p>
   </div>
   <div class='ocr_carea' id='block_1_3' title="bbox 105 908 1406 995">
    <p class='ocr_par' dir='ltr' id='par_1_3' title="bbox 105 908 1406 995">
     <span class='ocr_line' id='line_1_6' title="bbox 105 908 1406 995; baseline 0.002 -22"><span class='ocrx_word' id='word_1_37' title='bbox 105 909 252 974; x_wconf 88' lang='lat' dir='ltr'>oratione</span> <span class='ocrx_word' id='word_1_38' title='bbox 278 912 407 974; x_wconf 86' lang='lat' dir='ltr'>mutata</span> <span class='ocrx_word' id='word_1_39' title='bbox 436 930 506 976; x_wconf 87' lang='lat' dir='ltr'>esse</span> <span class='ocrx_word' id='word_1_40' title='bbox 535 912 682 995; x_wconf 84' lang='lat' dir='ltr'>apparet.</span> <span class='ocrx_word' id='word_1_41' title='bbox 730 909 862 974; x_wconf 81' lang='lat' dir='ltr'>intem</span> <span class='ocrx_word' id='word_1_42' title='bbox 891 909 1016 974; x_wconf 86' lang='lat' dir='ltr'>incerta</span> <span class='ocrx_word' id='word_1_43' title='bbox 1044 909 1145 993; x_wconf 84' lang='lat' dir='ltr'>igitur</span> <span class='ocrx_word' id='word_1_44' title='bbox 1166 908 1314 976; x_wconf 90' lang='lat' dir='ltr'>lectionis</span> <span class='ocrx_word' id='word_1_45' title='bbox 1403 918 1406 922; x_wconf 88' lang='grc'>’</span> 
     </span>
    </p>
   </div>
   <div class='ocr_carea' id='block_1_4' title="bbox 104 1010 1384 1098">
    <p class='ocr_par' dir='ltr' id='par_1_4' title="bbox 104 1010 1384 1098">
     <span class='ocr_line' id='line_1_7' title="bbox 104 1010 1384 1098; baseline 0.002 -23"><span class='ocrx_word' id='word_1_46' title='bbox 104 1010 168 1075; x_wconf 90' lang='lat' dir='ltr'>fide</span> <span class='ocrx_word' id='word_1_47' title='bbox 191 1033 263 1076; x_wconf 90' lang='lat' dir='ltr'>cum</span> <span class='ocrx_word' id='word_1_48' title='bbox 284 1011 370 1077; x_wconf 87' lang='lat' dir='ltr'>latus</span> <span class='ocrx_word' id='word_1_49' title='bbox 399 1012 603 1078; x_wconf 87' lang='lat' dir='ltr'>coniecturae</span> <span class='ocrx_word' id='word_1_50' title='bbox 631 1033 764 1098; x_wconf 89' lang='lat' dir='ltr'>campus</span> <span class='ocrx_word' id='word_1_51' title='bbox 791 1016 922 1098; x_wconf 88' lang='lat' dir='ltr'>apertus</span> <span class='ocrx_word' id='word_1_52' title='bbox 945 1014 1010 1095; x_wconf 88' lang='lat' dir='ltr'>est,</span> <span class='ocrx_word' id='word_1_53' title='bbox 1039 1015 1109 1077; x_wconf 91' lang='lat' dir='ltr'>tum</span> <span class='ocrx_word' id='word_1_54' title='bbox 1143 1011 1183 1076; x_wconf 86' lang='lat' dir='ltr'>ad</span> <span class='ocrx_word' id='word_1_55' title='bbox 1210 1012 1314 1096; x_wconf 88' lang='lat' dir='ltr'><strong>ipsam</strong></span> <span class='ocrx_word' id='word_1_56' title='bbox 1382 1038 1384 1043; x_wconf 55' lang='lat'><strong><em>¹</em></strong></span> 
     </span>
    </p>
   </div>
   <div class='ocr_carea' id='block_1_5' title="bbox 104 1100 1451 1199">
    <p class='ocr_par' dir='ltr' id='par_1_5' title="bbox 104 1100 1451 1199">
     <span class='ocr_line' id='line_1_8' title="bbox 104 1100 1451 1199; baseline 0.003 -22"><span class='ocrx_word' id='word_1_57' title='bbox 104 1112 205 1179; x_wconf 86' lang='lat' dir='ltr'><strong>Plinii</strong></span> <span class='ocrx_word' id='word_1_58' title='bbox 242 1100 435 1199; x_wconf 79' lang='lat' dir='ltr'>scripturam</span> <span class='ocrx_word' id='word_1_59' title='bbox 471 1114 707 1180; x_wconf 75' lang='lat' dir='ltr'>restituendam</span> <span class='ocrx_word' id='word_1_60' title='bbox 743 1136 811 1180; x_wconf 89' lang='lat' dir='ltr'>non</span> <span class='ocrx_word' id='word_1_61' title='bbox 847 1117 926 1180; x_wconf 85' lang='lat' dir='ltr'>satis</span> <span class='ocrx_word' id='word_1_62' title='bbox 963 1101 1056 1179; x_wconf 84' lang='lat' dir='ltr'>firma</span> <span class='ocrx_word' id='word_1_63' title='bbox 1087 1115 1203 1199; x_wconf 87' lang='lat' dir='ltr'>parata</span> <span class='ocrx_word' id='word_1_64' title='bbox 1237 1119 1314 1181; x_wconf 89' lang='lat' dir='ltr'>sunt</span> <span class='ocrx_word' id='word_1_65' title='bbox 1449 1130 1451 1134; x_wconf 73' lang='lat'>‘</span> 
     </span>
    </p>
   </div>
   <div class='ocr_carea' id='block_1_6' title="bbox 100 1214 1389 2124">
    <p class='ocr_par' dir='ltr' id='par_1_6' title="bbox 103 1214 276 1300">
     <span class='ocr_line' id='line_1_9' title="bbox 103 1214 276 1300; baseline 0.012 -21"><span class='ocrx_word' id='word_1_66' title='bbox 103 1214 276 1300; x_wconf 83' lang='lat' dir='ltr'>praesidia.</span> 
     </span>
    </p>

    <p class='ocr_par' dir='ltr' id='par_1_7' title="bbox 100 1316 1389 2124">
     <span class='ocr_line' id='line_1_10' title="bbox 189 1316 1311 1406; baseline 0.004 -23"><span class='ocrx_word' id='word_1_67' title='bbox 189 1316 359 1385; x_wconf 89' lang='lat' dir='ltr'>Postremo</span> <span class='ocrx_word' id='word_1_68' title='bbox 374 1319 414 1384; x_wconf 92' lang='lat' dir='ltr'>de</span> <span class='ocrx_word' id='word_1_69' title='bbox 428 1319 641 1406; x_wconf 74' lang='lat' dir='ltr'>inscriptione</span> <span class='ocrx_word' id='word_1_70' title='bbox 656 1319 814 1385; x_wconf 85' lang='lat' dir='ltr'>orationis</span> <span class='ocrx_word' id='word_1_71' title='bbox 829 1320 1026 1385; x_wconf 89' lang='lat' dir='ltr'>monendum</span> <span class='ocrx_word' id='word_1_72' title='bbox 1049 1321 1099 1384; x_wconf 90' lang='lat' dir='ltr'>est</span> <span class='ocrx_word' id='word_1_73' title='bbox 1119 1320 1311 1406; x_wconf 80' lang='lat' dir='ltr'>panegyrici</span> 
     </span>
     <span class='ocr_line' id='line_1_11' title="bbox 103 1421 1311 1508; baseline 0.004 -23"><span class='ocrx_word' id='word_1_74' title='bbox 103 1441 240 1506; x_wconf 88' lang='lat' dir='ltr'>nomen,</span> <span class='ocrx_word' id='word_1_75' title='bbox 269 1423 355 1507; x_wconf 89' lang='lat' dir='ltr'>quod</span> <span class='ocrx_word' id='word_1_76' title='bbox 383 1426 470 1488; x_wconf 88' lang='lat' dir='ltr'>certe</span> <span class='ocrx_word' id='word_1_77' title='bbox 498 1421 647 1488; x_wconf 90' lang='lat' dir='ltr'>aPlinio</span> <span class='ocrx_word' id='word_1_78' title='bbox 675 1423 831 1508; x_wconf 88' lang='lat' dir='ltr'>scriptum</span> <span class='ocrx_word' id='word_1_79' title='bbox 859 1445 925 1488; x_wconf 90' lang='lat' dir='ltr'>nou</span> <span class='ocrx_word' id='word_1_80' title='bbox 954 1426 1042 1507; x_wconf 86' lang='lat' dir='ltr'>erat,</span> <span class='ocrx_word' id='word_1_81' title='bbox 1073 1424 1203 1506; x_wconf 89' lang='lat' dir='ltr'>praeter</span> <span class='ocrx_word' id='word_1_82' title='bbox 1231 1423 1311 1489; x_wconf 92' lang='lat' dir='ltr'>duos</span> 
     </span>
     <span class='ocr_line' id='line_1_12' title="bbox 105 1522 1389 1610; baseline 0.002 -22"><span class='ocrx_word' id='word_1_83' title='bbox 105 1522 243 1608; x_wconf 87' lang='lat' dir='ltr'>codices,</span> <span class='ocrx_word' id='word_1_84' title='bbox 267 1545 402 1610; x_wconf 88' lang='lat' dir='ltr'>quornm</span> <span class='ocrx_word' id='word_1_85' title='bbox 424 1525 581 1590; x_wconf 85' lang='lat' dir='ltr'>memoria</span> <span class='ocrx_word' id='word_1_86' title='bbox 602 1524 716 1591; x_wconf 89' lang='lat' dir='ltr'>relicta</span> <span class='ocrx_word' id='word_1_87' title='bbox 744 1530 809 1609; x_wconf 89' lang='lat' dir='ltr'>est,</span> <span class='ocrx_word' id='word_1_88' title='bbox 833 1525 974 1591; x_wconf 89' lang='lat' dir='ltr'>inveniri</span> <span class='ocrx_word' id='word_1_89' title='bbox 996 1526 1095 1591; x_wconf 85' lang='lat' dir='ltr'>etiam</span> <span class='ocrx_word' id='word_1_90' title='bbox 1117 1525 1202 1610; x_wconf 88' lang='lat' dir='ltr'>apud</span> <span class='ocrx_word' id='word_1_91' title='bbox 1225 1525 1314 1593; x_wconf 84' lang='lat' dir='ltr'>Sido·</span> <span class='ocrx_word' id='word_1_92' title='bbox 1387 1535 1389 1539; x_wconf 81' lang='grc'><strong>’</strong></span> 
     </span>
     <span class='ocr_line' id='line_1_13' title="bbox 100 1625 1311 1714; baseline 0.002 -23"><span class='ocrx_word' id='word_1_93' title='bbox 100 1625 193 1693; x_wconf 90' lang='lat' dir='ltr'>nium</span> <span class='ocrx_word' id='word_1_94' title='bbox 214 1625 439 1711; x_wconf 86' lang='lat' dir='ltr'>Apollinarem</span> <span class='ocrx_word' id='word_1_95' title='bbox 461 1627 556 1712; x_wconf 89' lang='lat' dir='ltr'>epist.</span> <span class='ocrx_word' id='word_1_96' title='bbox 580 1626 661 1693; x_wconf 87' lang='lat' dir='ltr'>VIII</span> <span class='ocrx_word' id='word_1_97' title='bbox 686 1628 734 1693; x_wconf 86' lang='lat'>10.</span> <span class='ocrx_word' id='word_1_98' title='bbox 764 1627 889 1693; x_wconf 85' lang='lat' dir='ltr'>Plinius</span> <span class='ocrx_word' id='word_1_99' title='bbox 912 1631 1035 1712; x_wconf 84' lang='lat' dir='ltr'>autem,</span> <span class='ocrx_word' id='word_1_100' title='bbox 1065 1628 1093 1692; x_wconf 86' lang='lat' dir='ltr'>si</span> <span class='ocrx_word' id='word_1_101' title='bbox 1115 1627 1209 1692; x_wconf 90' lang='lat' dir='ltr'>modo</span> <span class='ocrx_word' id='word_1_102' title='bbox 1230 1632 1311 1714; x_wconf 89' lang='lat' dir='ltr'>tum,</span> 
     </span>
     <span class='ocr_line' id='line_1_14' title="bbox 101 1729 1311 1817; baseline 0.002 -24"><span class='ocrx_word' id='word_1_103' title='bbox 101 1749 176 1793; x_wconf 91' lang='lat' dir='ltr'>cum</span> <span class='ocrx_word' id='word_1_104' title='bbox 197 1729 376 1795; x_wconf 86' lang='lat' dir='ltr'>orationem</span> <span class='ocrx_word' id='word_1_105' title='bbox 399 1729 527 1814; x_wconf 83' lang='lat' dir='ltr'>edebat,</span> <span class='ocrx_word' id='word_1_106' title='bbox 551 1734 778 1816; x_wconf 78' lang='lat' dir='ltr'>argumentum</span> <span class='ocrx_word' id='word_1_107' title='bbox 801 1752 866 1796; x_wconf 90' lang='lat' dir='ltr'>uno</span> <span class='ocrx_word' id='word_1_108' title='bbox 889 1732 985 1797; x_wconf 84' lang='lat' dir='ltr'>verbo</span> <span class='ocrx_word' id='word_1_109' title='bbox 1002 1730 1146 1796; x_wconf 87' lang='lat' dir='ltr'>indicare</span> <span class='ocrx_word' id='word_1_110' title='bbox 1172 1730 1311 1817; x_wconf 85' lang='lat' dir='ltr'>volebat,</span> 
     </span>
     <span class='ocr_line' id='line_1_15' title="bbox 100 1832 1312 1918; baseline 0.003 -22"><span class='ocrx_word' id='word_1_111' title='bbox 100 1853 169 1896; x_wconf 91' lang='lat' dir='ltr'>nou</span> <span class='ocrx_word' id='word_1_112' title='bbox 190 1834 320 1917; x_wconf 89' lang='lat' dir='ltr'>poterat</span> <span class='ocrx_word' id='word_1_113' title='bbox 342 1832 447 1897; x_wconf 87' lang='lat' dir='ltr'>dicere</span> <span class='ocrx_word' id='word_1_114' title='bbox 476 1832 541 1897; x_wconf 87' lang='lat' dir='ltr'>nisi</span> <span class='ocrx_word' id='word_1_115' title='bbox 568 1833 748 1918; x_wconf 82' lang='lat' dir='ltr'>gratiarum</span> <span class='ocrx_word' id='word_1_116' title='bbox 770 1834 942 1899; x_wconf 85' lang='lat' dir='ltr'>actionem.</span> <span class='ocrx_word' id='word_1_117' title='bbox 979 1855 1055 1898; x_wconf 90' lang='lat' dir='ltr'>nam</span> <span class='ocrx_word' id='word_1_118' title='bbox 1083 1836 1117 1898; x_wconf 88' lang='lat' dir='ltr'>et</span> <span class='ocrx_word' id='word_1_119' title='bbox 1143 1854 1312 1917; x_wconf 88' lang='lat' dir='ltr'>promere</span> 
     </span>
     <span class='ocr_line' id='line_1_16' title="bbox 102 1932 1313 2022; baseline 0.003 -24"><span class='ocrx_word' id='word_1_120' title='bbox 102 1932 190 1998; x_wconf 86' lang='lat' dir='ltr'>illius</span> <span class='ocrx_word' id='word_1_121' title='bbox 220 1935 338 1999; x_wconf 86' lang='lat' dir='ltr'>aetatis</span> <span class='ocrx_word' id='word_1_122' title='bbox 367 1933 530 2000; x_wconf 85' lang='lat' dir='ltr'>orationes</span> <span class='ocrx_word' id='word_1_123' title='bbox 560 1957 639 2020; x_wconf 86' lang='lat' dir='ltr'>quas</span> <span class='ocrx_word' id='word_1_124' title='bbox 671 1935 819 2001; x_wconf 89' lang='lat' dir='ltr'>consules</span> <span class='ocrx_word' id='word_1_125' title='bbox 840 1937 875 2001; x_wconf 93' lang='lat' dir='ltr'>in</span> <span class='ocrx_word' id='word_1_126' title='bbox 898 1935 1054 2002; x_wconf 88' lang='lat' dir='ltr'>honorem</span> <span class='ocrx_word' id='word_1_127' title='bbox 1076 1935 1233 2022; x_wconf 88' lang='lat' dir='ltr'>principis</span> <span class='ocrx_word' id='word_1_128' title='bbox 1255 1935 1313 2002; x_wconf 88' lang='lat' dir='ltr'>ha-</span> 
     </span>
     <span class='ocr_line' id='line_1_17' title="bbox 101 2036 1313 2124; baseline 0.004 -23"><span class='ocrx_word' id='word_1_129' title='bbox 101 2036 178 2101; x_wconf 88' lang='lat' dir='ltr'>bere</span> <span class='ocrx_word' id='word_1_130' title='bbox 201 2041 435 2103; x_wconf 88' lang='lat' dir='ltr'>consueverant</span> <span class='ocrx_word' id='word_1_131' title='bbox 455 2039 503 2103; x_wconf 90' lang='lat' dir='ltr'>ita</span> <span class='ocrx_word' id='word_1_132' title='bbox 525 2037 628 2104; x_wconf 87' lang='lat' dir='ltr'>dictas</span> <span class='ocrx_word' id='word_1_133' title='bbox 644 2059 714 2104; x_wconf 87' lang='lat' dir='ltr'>esse</span> <span class='ocrx_word' id='word_1_134' title='bbox 729 2043 873 2124; x_wconf 86' lang='lat' dir='ltr'>constat,</span> <span class='ocrx_word' id='word_1_135' title='bbox 898 2042 930 2104; x_wconf 91' lang='lat' dir='ltr'>et</span> <span class='ocrx_word' id='word_1_136' title='bbox 952 2039 1023 2124; x_wconf 90' lang='lat' dir='ltr'>ipse</span> <span class='ocrx_word' id='word_1_137' title='bbox 1044 2038 1170 2103; x_wconf 88' lang='lat' dir='ltr'>Plinius</span> <span class='ocrx_word' id='word_1_138' title='bbox 1192 2038 1232 2104; x_wconf 90' lang='lat' dir='ltr'>de</span> <span class='ocrx_word' id='word_1_139' title='bbox 1255 2062 1313 2106; x_wconf 85' lang='lat' dir='ltr'>sua</span> 
     </span>
    </p>
   </div>
   <div class='ocr_carea' id='block_1_7' title="bbox 103 2139 1442 2226">
    <p class='ocr_par' dir='ltr' id='par_1_8' title="bbox 103 2139 1442 2226">
     <span class='ocr_line' id='line_1_18' title="bbox 103 2139 1442 2226; baseline 0.003 -23"><span class='ocrx_word' id='word_1_140' title='bbox 103 2139 250 2204; x_wconf 88' lang='lat' dir='ltr'>oratione</span> <span class='ocrx_word' id='word_1_141' title='bbox 272 2140 334 2206; x_wconf 89' lang='lat' dir='ltr'>hac</span> <span class='ocrx_word' id='word_1_142' title='bbox 356 2139 595 2226; x_wconf 80' lang='lat' dir='ltr'>significatione</span> <span class='ocrx_word' id='word_1_143' title='bbox 618 2163 694 2206; x_wconf 90' lang='lat' dir='ltr'>usus</span> <span class='ocrx_word' id='word_1_144' title='bbox 718 2143 767 2206; x_wconf 84' lang='lat' dir='ltr'>est</span> <span class='ocrx_word' id='word_1_145' title='bbox 789 2142 933 2226; x_wconf 85' lang='lat' dir='ltr'>saepius,</span> <span class='ocrx_word' id='word_1_146' title='bbox 957 2163 1034 2226; x_wconf 88' lang='lat' dir='ltr'>pan.</span> <span class='ocrx_word' id='word_1_147' title='bbox 1052 2162 1077 2207; x_wconf 91' lang='lat' dir='ltr'>c.</span> <span class='ocrx_word' id='word_1_148' title='bbox 1096 2141 1124 2205; x_wconf 92' lang='lat'>1.</span> <span class='ocrx_word' id='word_1_149' title='bbox 1147 2140 1178 2205; x_wconf 79' lang='lat'>2.</span> <span class='ocrx_word' id='word_1_150' title='bbox 1201 2141 1233 2206; x_wconf 86' lang='lat'>3.</span> <span class='ocrx_word' id='word_1_151' title='bbox 1258 2141 1310 2226; x_wconf 84' lang='lat'>90,</span> <span class='ocrx_word' id='word_1_152' title='bbox 1441 2163 1442 2166; x_wconf 69' lang='grc'>’</span> 
     </span>
    </p>
   </div>
   <div class='ocr_carea' id='block_1_8' title="bbox 99 2240 1312 2843">
    <p class='ocr_par' dir='ltr' id='par_1_9' title="bbox 99 2240 1312 2843">
     <span class='ocr_line' id='line_1_19' title="bbox 103 2240 1312 2330; baseline 0.002 -24"><span class='ocrx_word' id='word_1_153' title='bbox 103 2242 200 2326; x_wconf 89' lang='lat' dir='ltr'>epist.</span> <span class='ocrx_word' id='word_1_154' title='bbox 224 2240 275 2308; x_wconf 95' lang='lat' dir='ltr'>III</span> <span class='ocrx_word' id='word_1_155' title='bbox 310 2243 359 2326; x_wconf 88' lang='lat'>13,</span> <span class='ocrx_word' id='word_1_156' title='bbox 395 2244 428 2327; x_wconf 84' lang='lat'>13</span> <span class='ocrx_word' id='word_1_157' title='bbox 464 2242 513 2327; x_wconf 87' lang='grc'>18,</span> <span class='ocrx_word' id='word_1_158' title='bbox 547 2244 581 2327; x_wconf 80' lang='lat'>13</span> <span class='ocrx_word' id='word_1_159' title='bbox 614 2243 787 2329; x_wconf 88' lang='lat' dir='ltr'>eodemque</span> <span class='ocrx_word' id='word_1_160' title='bbox 817 2245 948 2309; x_wconf 88' lang='lat' dir='ltr'>nomine</span> <span class='ocrx_word' id='word_1_161' title='bbox 980 2244 1016 2308; x_wconf 91' lang='lat' dir='ltr'>in</span> <span class='ocrx_word' id='word_1_162' title='bbox 1043 2243 1312 2330; x_wconf 82' lang='lat' dir='ltr'>panegyricorum</span> 
     </span>
     <span class='ocr_line' id='line_1_20' title="bbox 101 2344 1309 2431; baseline 0.002 -21"><span class='ocrx_word' id='word_1_163' title='bbox 101 2344 290 2411; x_wconf 90' lang='lat' dir='ltr'>collectione</span> <span class='ocrx_word' id='word_1_164' title='bbox 328 2346 504 2431; x_wconf 87' lang='lat' dir='ltr'>inscriptae</span> <span class='ocrx_word' id='word_1_165' title='bbox 543 2349 627 2430; x_wconf 90' lang='lat' dir='ltr'>sunt</span> <span class='ocrx_word' id='word_1_166' title='bbox 654 2345 806 2413; x_wconf 81' lang='lat' dir='ltr'>Eumenii</span> <span class='ocrx_word' id='word_1_167' title='bbox 846 2351 879 2413; x_wconf 87' lang='lat' dir='ltr'>et</span> <span class='ocrx_word' id='word_1_168' title='bbox 911 2347 1099 2412; x_wconf 88' lang='lat' dir='ltr'>Mamertini</span> <span class='ocrx_word' id='word_1_169' title='bbox 1135 2347 1309 2412; x_wconf 84' lang='lat' dir='ltr'>orationes.</span> 
     </span>
     <span class='ocr_line' id='line_1_21' title="bbox 100 2446 1309 2535; baseline 0.002 -23"><span class='ocrx_word' id='word_1_170' title='bbox 100 2469 202 2532; x_wconf 88' lang='lat' dir='ltr'>quare</span> <span class='ocrx_word' id='word_1_171' title='bbox 224 2451 258 2514; x_wconf 92' lang='lat' dir='ltr'>et</span> <span class='ocrx_word' id='word_1_172' title='bbox 280 2447 357 2513; x_wconf 91' lang='lat' dir='ltr'>olim</span> <span class='ocrx_word' id='word_1_173' title='bbox 379 2446 566 2513; x_wconf 83' lang='lat' dir='ltr'>Theodorus</span> <span class='ocrx_word' id='word_1_174' title='bbox 588 2446 755 2514; x_wconf 85' lang='lat' dir='ltr'>Marcilius</span> <span class='ocrx_word' id='word_1_175' title='bbox 778 2450 813 2514; x_wconf 93' lang='lat' dir='ltr'>in</span> <span class='ocrx_word' id='word_1_176' title='bbox 836 2448 924 2516; x_wconf 83' lang='lat' dir='ltr'>Suet.</span> <span class='ocrx_word' id='word_1_177' title='bbox 948 2449 1085 2535; x_wconf 88' lang='lat' dir='ltr'>Vespas.</span> <span class='ocrx_word' id='word_1_178' title='bbox 1109 2448 1173 2519; x_wconf 82' lang='lat' dir='ltr'>c.2</span> <span class='ocrx_word' id='word_1_179' title='bbox 1196 2453 1229 2515; x_wconf 89' lang='lat' dir='ltr'>et</span> <span class='ocrx_word' id='word_1_180' title='bbox 1250 2472 1309 2515; x_wconf 91' lang='lat' dir='ltr'>nu·</span> 
     </span>
     <span class='ocr_line' id='line_1_22' title="bbox 99 2548 1311 2638; baseline 0 -22"><span class='ocrx_word' id='word_1_181' title='bbox 99 2571 160 2636; x_wconf 86' lang='lat' dir='ltr'>per</span> <span class='ocrx_word' id='word_1_182' title='bbox 186 2548 384 2616; x_wconf 87' lang='lat' dir='ltr'>Dierauerus</span> <span class='ocrx_word' id='word_1_183' title='bbox 420 2550 505 2636; x_wconf 88' lang='lat' dir='ltr'>apud</span> <span class='ocrx_word' id='word_1_184' title='bbox 530 2549 757 2638; x_wconf 76' lang='lat' dir='ltr'>Biidingerum</span> <span class='ocrx_word' id='word_1_185' title='bbox 785 2549 981 2618; x_wconf 89' lang='lat' dir='ltr'>Untersuch.</span> <span class='ocrx_word' id='word_1_186' title='bbox 1017 2574 1044 2617; x_wconf 88' lang='lat' dir='ltr'>a.</span> <span class='ocrx_word' id='word_1_187' title='bbox 1073 2556 1154 2616; x_wconf 77' lang='lat' dir='ltr'>rdm.</span> <span class='ocrx_word' id='word_1_188' title='bbox 1183 2550 1311 2617; x_wconf 79' lang='lat' dir='ltr'>Kaisar·</span> 
     </span>
     <span class='ocr_line' id='line_1_23' title="bbox 99 2651 1310 2740; baseline 0.001 -23"><span class='ocrx_word' id='word_1_189' title='bbox 99 2651 212 2739; x_wconf 85' lang='lat' dir='ltr'>gesch.</span> <span class='ocrx_word' id='word_1_190' title='bbox 247 2651 318 2718; x_wconf 82' lang='lat' dir='ltr'>v.I</span> <span class='ocrx_word' id='word_1_191' title='bbox 350 2675 383 2739; x_wconf 87' lang='lat' dir='ltr'>p.</span> <span class='ocrx_word' id='word_1_192' title='bbox 416 2651 475 2718; x_wconf 81' lang='lat'>188</span> <span class='ocrx_word' id='word_1_193' title='bbox 509 2651 609 2718; x_wconf 90' lang='lat' dir='ltr'>Plinii</span> <span class='ocrx_word' id='word_1_194' title='bbox 640 2653 780 2719; x_wconf 85' lang='lat' dir='ltr'>orationi</span> <span class='ocrx_word' id='word_1_195' title='bbox 806 2653 898 2720; x_wconf 41' lang='lat' dir='ltr'>‘hanc</span> <span class='ocrx_word' id='word_1_196' title='bbox 931 2655 1035 2739; x_wconf 85' lang='lat' dir='ltr'>ipsam</span> <span class='ocrx_word' id='word_1_197' title='bbox 1066 2653 1310 2740; x_wconf 88' lang='lat' dir='ltr'>inscriptionem</span> 
     </span>
     <span class='ocr_line' id='line_1_24' title="bbox 100 2754 1310 2843; baseline 0.001 -24"><span class='ocrx_word' id='word_1_198' title='bbox 100 2754 230 2820; x_wconf 86' lang='lat' dir='ltr'>restitui</span> <span class='ocrx_word' id='word_1_199' title='bbox 252 2754 433 2820; x_wconf 88' lang='lat' dir='ltr'>voluerunt.</span> <span class='ocrx_word' id='word_1_200' title='bbox 471 2755 592 2820; x_wconf 88' lang='lat' dir='ltr'>retinui</span> <span class='ocrx_word' id='word_1_201' title='bbox 618 2759 730 2821; x_wconf 87' lang='lat' dir='ltr'>tamen</span> <span class='ocrx_word' id='word_1_202' title='bbox 758 2757 948 2843; x_wconf 86' lang='lat' dir='ltr'>panegyrici</span> <span class='ocrx_word' id='word_1_203' title='bbox 977 2778 1110 2840; x_wconf 88' lang='lat' dir='ltr'>nomeu,</span> <span class='ocrx_word' id='word_1_204' title='bbox 1140 2777 1207 2821; x_wconf 92' lang='lat' dir='ltr'>non</span> <span class='ocrx_word' id='word_1_205' title='bbox 1234 2756 1310 2841; x_wconf 89' lang='lat' dir='ltr'>quia</span> 
     </span>
    </p>
   </div>
   <div class='ocr_carea' id='block_1_9' title="bbox 100 2857 1443 2947">
    <p class='ocr_par' dir='ltr' id='par_1_10' title="bbox 100 2857 1443 2947">
     <span class='ocr_line' id='line_1_25' title="bbox 100 2857 1443 2947; baseline 0 -25"><span class='ocrx_word' id='word_1_206' title='bbox 100 2880 164 2923; x_wconf 87' lang='lat' dir='ltr'>usu</span> <span class='ocrx_word' id='word_1_207' title='bbox 185 2857 342 2923; x_wconf 69' lang='lat' dir='ltr'>nuditum</span> <span class='ocrx_word' id='word_1_208' title='bbox 364 2860 451 2942; x_wconf 84' lang='lat' dir='ltr'>erat,</span> <span class='ocrx_word' id='word_1_209' title='bbox 476 2857 531 2923; x_wconf 87' lang='lat' dir='ltr'>sed</span> <span class='ocrx_word' id='word_1_210' title='bbox 551 2860 627 2944; x_wconf 88' lang='lat' dir='ltr'>quia</span> <span class='ocrx_word' id='word_1_211' title='bbox 650 2858 707 2923; x_wconf 86' lang='lat' dir='ltr'>illa</span> <span class='ocrx_word' id='word_1_212' title='bbox 722 2863 838 2943; x_wconf 87' lang='lat' dir='ltr'>aetate,</span> <span class='ocrx_word' id='word_1_213' title='bbox 861 2859 947 2926; x_wconf 84' lang='lat' dir='ltr'>ultra</span> <span class='ocrx_word' id='word_1_214' title='bbox 963 2881 1059 2945; x_wconf 87' lang='lat' dir='ltr'>quam</span> <span class='ocrx_word' id='word_1_215' title='bbox 1075 2863 1163 2924; x_wconf 86' lang='lat' dir='ltr'>certa</span> <span class='ocrx_word' id='word_1_216' title='bbox 1185 2859 1311 2923; x_wconf 86' lang='lat' dir='ltr'>ratione</span> <span class='ocrx_word' id='word_1_217' title='bbox 1334 2941 1338 2947; x_wconf 16' lang='grc' dir='ltr'><strong>θ</strong></span> <span class='ocrx_word' id='word_1_218' title='bbox 1440 2875 1443 2880; x_wconf 81' lang='grc'><strong>’</strong></span> 
     </span>
    </p>
   </div>
   <div class='ocr_carea' id='block_1_10' title="bbox 96 2959 1371 3130">
    <p class='ocr_par' dir='ltr' id='par_1_11' title="bbox 96 2959 1371 3130">
     <span class='ocr_line' id='line_1_26' title="bbox 98 2959 1371 3047; baseline 0 -22"><span class='ocrx_word' id='word_1_219' title='bbox 98 2959 279 3047; x_wconf 84' lang='lat' dir='ltr'>producere</span> <span class='ocrx_word' id='word_1_220' title='bbox 302 2962 561 3028; x_wconf 88' lang='lat' dir='ltr'>emendationem</span> <span class='ocrx_word' id='word_1_221' title='bbox 583 2983 650 3027; x_wconf 89' lang='lat' dir='ltr'>non</span> <span class='ocrx_word' id='word_1_222' title='bbox 672 2961 837 3046; x_wconf 88' lang='lat' dir='ltr'>licet,-ita</span> <span class='ocrx_word' id='word_1_223' title='bbox 858 2961 1050 3047; x_wconf 86' lang='lat' dir='ltr'>inscriptam</span> <span class='ocrx_word' id='word_1_224' title='bbox 1071 2961 1172 3026; x_wconf 84' lang='lat' dir='ltr'>fuisse</span> <span class='ocrx_word' id='word_1_225' title='bbox 1195 2961 1311 3025; x_wconf 87' lang='lat' dir='ltr'>oratio·</span> <span class='ocrx_word' id='word_1_226' title='bbox 1368 3035 1371 3043; x_wconf 25' lang='lat'><strong><em>¹</em></strong></span> 
     </span>
     <span class='ocr_line' id='line_1_27' title="bbox 96 3066 408 3130; baseline 0 -1"><span class='ocrx_word' id='word_1_227' title='bbox 96 3084 179 3129; x_wconf 91' lang='lat' dir='ltr'>nem</span> <span class='ocrx_word' id='word_1_228' title='bbox 202 3066 342 3130; x_wconf 87' lang='lat' dir='ltr'>constat.</span> <span class='ocrx_word' id='word_1_229' title='bbox 402 3090 408 3095; x_wconf 94' lang='lat'><em>·</em></span> 
     </span>
    </p>
   </div>
   <div class='ocr_carea' id='block_1_11' title="bbox 253 3232 1005 3302">
    <p class='ocr_par' dir='ltr' id='par_1_12' title="bbox 253 3232 1005 3302">
     <span class='ocr_line' id='line_1_28' title="bbox 253 3232 1005 3302; baseline 0.005 -5"><span class='ocrx_word' id='word_1_230' title='bbox 253 3232 355 3301; x_wconf 83' lang='lat' dir='ltr'>Halis</span> <span class='ocrx_word' id='word_1_231' title='bbox 374 3235 544 3302; x_wconf 81' lang='lat' dir='ltr'>Saxonum</span> <span class='ocrx_word' id='word_1_232' title='bbox 566 3258 676 3302; x_wconf 88' lang='lat' dir='ltr'>mense</span> <span class='ocrx_word' id='word_1_233' title='bbox 699 3235 833 3302; x_wconf 89' lang='lat' dir='ltr'>Octobri</span> <span class='ocrx_word' id='word_1_234' title='bbox 856 3257 884 3301; x_wconf 86' lang='lat' dir='ltr'>a.</span> <span class='ocrx_word' id='word_1_235' title='bbox 913 3235 1005 3302; x_wconf 88' lang='grc'><strong>1869.</strong></span> 
     </span>
    </p>
   </div>
   <div class='ocr_carea' id='block_1_12' title="bbox 0 0 1472 4966">
    <p class='ocr_par' dir='ltr' id='par_1_13' title="bbox 0 0 1472 4966">
     <span class='ocr_line' id='line_1_29' title="bbox 0 0 1472 4966; baseline 0 1"><span class='ocrx_word' id='word_1_236' title='bbox 0 0 1472 4966; x_wconf 95' lang='lat' dir='ltr'> </span> 
     </span>
    </p>
   </div>
  </div>
 </body>
</html>
