2934 4966
179 257 245 325 244
705 270 737 322 c.
760 271 858 321 enuu

143 492 146 500 ,
181 448 330 515 gressum
357 425 508 511 corripit,
531 429 671 510 revocat,
695 426 805 490 monet
824 428 862 490 ut
882 422 1052 509 desistam,
1074 422 1175 489 adicit
1197 421 1303 488 etiam
1324 425 1395 487 ‘no

131 529 314 598 litabilem
336 532 369 595 te
391 528 509 594 tuturis
530 528 731 616 principibus
752 526 886 601 fecisti’,
920 528 1014 593 ‘esto’
1037 527 1187 613 inquam,
1211 525 1305 591 ‘dum
1325 544 1394 589 ma·
1456 557 1458 580 ι

179 631 244 697 lis'.
285 631 340 697 vix
369 631 425 697 ille
453 632 661 717 discesserat,
689 652 799 697 rursus
826 629 910 696 alter
938 628 1027 717 ‘quid
1055 626 1177 695 audes?
1203 648 1271 716 quo
1298 624 1393 693 ruis?
1454 625 1456 664 ³

180 734 296 821 quibus
323 738 357 801 te
379 733 531 822 periculis
560 731 688 801 obicis?
715 732 792 820 quid
812 731 1038 820 praesentibus
1060 729 1211 816 confidis,
1240 732 1391 797 incertus
1438 720 1440 724 ¹

179 835 385 913 futurorum?
410 837 542 904 lacessis
568 837 734 903 hominem
766 838 831 902 iam
859 835 1064 924 praefectum.
1088 832 1205 899 aerarii
1234 836 1272 899 et
1299 832 1413 914 brevio
1449 911 1450 920 ἵ

183 942 362 1026 consulem,
384 944 553 1027 praeterea
568 962 631 1025 qua
652 939 776 1026 gratia,
800 938 915 1025 quibus
938 937 1090 1004 amicitiis
1111 934 1265 1002 fultuml’
1287 936 1391 1002 nomi·
1449 929 1450 1018 i

180 1047 239 1109 nat
252 1044 414 1130 quendam
423 1095 431 1126 ,
448 1044 503 1130 qui
517 1047 595 1109 tuno
611 1041 823 1108 adorientem
839 1041 1072 1127 amplissimum
1089 1041 1122 1105 et
1134 1037 1391 1104 famosissimum
1449 1027 1450 1072 5

132 1145 172 1211 12
182 1147 357 1212 exercitum
385 1168 451 1212 non
479 1147 550 1211 sine
574 1144 703 1230 magnis
731 1142 900 1231 dubiisque
927 1142 1108 1209 rumoribus
1130 1140 1315 1209 obtinebat.
1350 1141 1391 1207 ad
1448 1149 1450 1160 ⁰

181 1248 262 1313 haec
284 1270 346 1336 ego
367 1248 489 1315 ‘omnia
510 1246 661 1334 praecepi
683 1248 779 1332 atque
801 1245 911 1311 animo
926 1266 1052 1310 mecum
1075 1247 1152 1309 ante
1174 1243 1307 1330 peregi,
1330 1266 1392 1310 nec

92 1366 95 1371 ’
180 1372 309 1435 recuso,
338 1351 367 1416 si
392 1351 440 1416 ita
468 1371 560 1416 cesus
590 1347 752 1432 attulerit,
787 1347 876 1413 luere
901 1367 1024 1433 poeum
1052 1346 1094 1412 ob
1120 1345 1390 1413 honestissimum
1401 1366 1420 1405 u

133 1452 173 1518 13
181 1452 305 1518 factum
312 1504 321 1537 ,
351 1453 427 1518 dum
454 1450 743 1538 flagitiosissimum
768 1449 931 1516 ulciscor)
974 1449 1040 1514 iam
1069 1448 1221 1515 censendi
1250 1452 1390 1536 tempus.
1419 1478 1422 1485 ·

181 1555 261 1621 dicit
287 1555 448 1621 Domitius
477 1552 689 1639 Apollinaris,
725 1552 837 1618 consul
866 1552 1056 1638 designatus
1063 1601 1072 1637 ,
1106 1550 1187 1617 dicit
1218 1551 1389 1627 Fabricius

182 1654 336 1742 Veiento,
364 1657 484 1723 Fabius
512 1655 725 1740 Maximinus,
754 1652 886 1722 Vettius
911 1654 1066 1721 Proculus
1072 1703 1084 1738 ,
1112 1652 1240 1741 collega
1261 1654 1389 1722 Publici
1448 1660 1451 1681 ³

181 1757 285 1844 Certi,
309 1760 349 1826 de
370 1782 434 1846 quo
456 1759 628 1846 agebatur,
651 1758 760 1825 uxoris
780 1779 888 1843 meae,
912 1779 1009 1845 quam
1031 1756 1218 1844 amiseram,
1241 1757 1386 1843 vitricus,

180 1865 255 1946 post
275 1860 334 1926 hos
350 1862 498 1929 Ammius
512 1862 657 1927 Flaccus.
693 1882 805 1926 omnes
821 1859 953 1928 Certum
966 1859 1112 1926 noudum
1133 1880 1219 1926 ame
1240 1860 1387 1927 nomina·
1397 1876 1418 1919 ιε

180 1965 251 2028 tum
273 1965 310 2027 ut
331 1965 533 2030 nominatum
554 1962 734 2029 defendunt
755 1963 939 2049 crimenque
954 1963 1047 2049 quasi
1068 1961 1104 2027 in
1118 1960 1223 2030 medio
1238 1961 1386 2029 relictum

132 2063 173 2129 14
181 2063 368 2131 defensione
389 2065 581 2152 suscipiunt.
613 2087 695 2151 quae
717 2068 887 2151 praeterea
908 2063 1066 2149 dixerint,
1093 2086 1157 2130 uon
1181 2068 1234 2130 est
1253 2086 1386 2133 necesse
1442 2068 1447 2081 '

117 2246 121 2253 ²
181 2188 330 2253 narrare,
351 2168 388 2234 in
408 2168 500 2233 libris
515 2168 624 2234 habes.
658 2191 730 2233 aum
752 2168 839 2234 enirn
855 2171 973 2234 cuncta
993 2168 1260 2254 ipsorumverbis
1281 2190 1386 2255 perse
1420 2194 1446 2260 ‚g

132 2270 284 2336 idonius.
317 2269 431 2336 dicunt
453 2274 565 2337 contra
581 2271 716 2337 Avidius
732 2270 882 2356 Quietus,
906 2269 1068 2339 Cornutus
1089 2270 1271 2338 Tertullus:
1293 2269 1387 2349 Quis

182 2374 250 2457 tus,
273 2373 512 2460 iniquissimum
534 2395 604 2440 ease
625 2373 785 2460 querellas
803 2374 980 2439 dolentium
1003 2371 1144 2459 excludi,
1167 2373 1306 2461 ideoque
1328 2375 1417 2440 Ara
1441 2380 1448 2437 .’

180 2473 249 2538 riae
278 2476 312 2540 et
338 2475 483 2542 Fanniae
509 2477 559 2542 ius
588 2475 741 2563 querendi
772 2498 838 2542 non
868 2474 1094 2560 auferendum,
1129 2497 1191 2541 nec
1219 2476 1385 2561 interesse,
1444 2546 1447 2551 ,

50 2585 60 2594 ’
132 2576 173 2642 16
183 2576 277 2643 ouius.
287 2567 410 2644 ordinis
425 2580 496 2665 quis
511 2580 564 2664 sit,
588 2579 643 2645 sed
658 2601 755 2665 quam
773 2601 904 2645 causam
918 2578 1052 2643 habeat:
1075 2577 1252 2664 Cornutus,
1275 2578 1385 2645 datum

182 2701 216 2744 se
244 2703 264 2744 a
292 2680 476 2748 consulibus
504 2687 644 2748 tutorem
666 2681 796 2747 Helvidi
822 2682 908 2747 filiae
930 2680 1115 2767 petentibus
1136 2683 1241 2746 matre
1263 2680 1334 2747 eius
1356 2685 1386 2747 et

181 2781 312 2867 vitrico,
334 2775 422 2849 nuno
437 2807 562 2870 quoque
584 2807 651 2850 non
671 2784 830 2849 sustinere
852 2785 998 2850 deserere
1012 2782 1112 2850 officii
1133 2783 1184 2850 aui
1205 2786 1331 2869 partes,
1353 2784 1384 2848 in

181 2906 244 2970 quo
265 2887 377 2951 tamen
399 2890 432 2952 et
453 2909 511 2954 suo
533 2887 634 2952 dolori
648 2885 779 2952 modum
800 2887 957 2972 inponere
978 2890 1012 2951 et
1033 2887 1231 2972 optimarum
1251 2884 1414 2952 feminae

181 3008 254 3052 rum
275 2987 418 3073 perferre
439 2990 710 3056 modestissimum
735 2989 915 3073 adfectum,
944 3011 1024 3074 quaa
1048 2991 1219 3055 contentas
1241 3010 1314 3056 esse
1335 2987 1383 3054 ad·

182 3111 314 3157 monere
336 3095 486 3157 senatum
507 3092 633 3158 Publici
649 3090 736 3158 Certi
761 3095 913 3158 cruentae
935 3090 1131 3157 adulationis
1153 3094 1187 3156 et
1207 3094 1337 3177 petere,
1359 3090 1383 3155 si

181 3283 387 3294 -ιι--ι-

253 3403 430 3471 ldesistam]
450 3405 547 3455 alatam
566 3407 593 3456 Π
673 3405 760 3456 adicit
777 3406 805 3454 1
822 3403 922 3455 adiicit
939 3417 956 3460 ς
975 3402 1113 3454 adiecita
1130 3402 1221 3470 adigit
1239 3404 1304 3469 Dpr
1367 3403 1382 3452 2

145 3474 222 3532 ·te]
240 3486 283 3522 me
301 3474 330 3521 Ι
401 3473 496 3524 iecisti
513 3490 561 3526 om.
579 3474 607 3522 1
676 3471 869 3540 esto]eat1)p
956 3468 1057 3540 ique]
1078 3487 1127 3522 eur
1143 3486 1161 3522 a
1229 3471 1382 3522 iccufldes

182 3540 210 3609 ll
280 3541 429 3604 incertiap
516 3543 606 3592 tiam
624 3541 793 3592 homiuemr
861 3542 1007 3592 inomine
1026 3540 1222 3605 quaemaguis
1240 3541 1381 3606 dubiisque

184 3610 252 3672 (rell.
271 3609 378 3675 cm.)1
475 3612 575 3661 'itanc
592 3624 627 3662 ra
646 3615 703 3660 tum
721 3614 767 3665 nr
786 3624 882 3674 eump
967 3616 997 3660 et
1014 3609 1229 3660 famosissimum
1246 3625 1297 3663 om.
1316 3609 1379 3672 Dpr,

183 3679 245 3730 add.
264 3692 281 3726 ι
349 3678 538 3730 8rumoribua
556 3681 605 3728 Hs
622 3679 795 3730 sermonibus
813 3680 876 3742 npr
962 3678 1109 3729 ademit
1187 3679 1318 3729 temnis
1334 3691 1381 3741 ego

182 3759 209 3796 r:
233 3746 313 3811 Verg.
332 3748 399 3801 Aen.
422 3747 466 3797 VI
483 3750 532 3798 105
612 3748 723 3813 percepi
741 3748 808 3802 Βςι
877 3746 1014 3810 adque!
1101 3750 1269 3798 autenm
1354 3746 1382 3794 10

184 3829 266 3865 casua
285 3814 379 3866 tulerit
398 3816 428 3870 0.
449 3816 484 3866 H.
502 3815 658 3878 Sclaeserus
744 3815 778 3865 ob
795 3815 867 3870 113⁸
885 3814 920 3864 ad
937 3816 1000 3877 Dpr
1087 3817 1117 3865 11
1136 3815 1381 3881 flagitiosissimum

183 3882 289 3933 iactum
307 3884 429 3934 ulciscor
446 3898 464 3932 a
540 3883 665 3935 ulciscar
680 3897 716 3939 τς
786 3887 818 3934 12’
837 3880 947 3948 consul]
968 3897 1037 3946 quos
1053 3885 1098 3946 Bp
1166 3883 1224 3935 diei
1240 3896 1267 3946 p,
1286 3899 1333 3935 on.
1350 3891 1381 3934 ις
1442 3924 1446 3933 .

269 3952 405 4003 sabricius
424 3951 565 4016 (fabritiua
585 3953 661 4016 Dpa)
681 3954 794 4002 ueieuto
820 3954 917 4013 Milpa
941 3952 1044 4001 Fabius
1070 3953 1191 4003 Veiento
1214 3963 1250 4008 τς
1353 3949 1382 3997 13

185 4019 279 4070 labina
291 4021 457 4071 maximinus
468 4023 496 4069 11
515 4022 608 4071 fabius
628 4021 782 4087 postumius
799 4022 862 4081 Dpr
879 4020 985 4071 Fabius
999 4020 1195 4071 Postbuminus
1212 4035 1230 4070 a
1277 4018 1381 4070 uectina

184 4088 315 4154 proculus
333 4104 389 4152 prs
407 4089 507 4139 bittiua
525 4090 656 4154 proculus
674 4090 824 4139 Initinus
843 4088 1010 4153 proculusit
1088 4088 1280 4156 publiciiprs
1298 4083 1380 4152 publi·
1434 4116 1441 4143 ‚

183 4157 257 4208 tiiu
327 4161 359 4208 14
377 4160 471 4208 uxoris
490 4173 567 4209 meae
584 4160 630 4207 tir
648 4159 740 4209 uxoris
759 4161 852 4208 autem
872 4158 1048 4221 mesonpsa
1118 4161 1151 4209 15
1169 4150 1293 4223 Certum]
1312 4159 1382 4205 certe
1434 4150 1441 4221 ,l

182 4225 226 4273 Dr
297 4227 328 4277 16
347 4231 378 4276 ut
395 4227 565 4277 nominatum
584 4244 629 4278 cm.
648 4231 713 4290 Dpr
782 4227 811 4276 iu
830 4226 946 4275 medium
965 4227 1009 4291 Dp
1078 4221 1219 4290 relictum]
1240 4222 1382 4276 rectumb
1436 4264 1441 4285 ,

164 4321 168 4331 ·
246 4297 278 4345 19
296 4295 402 4346 Avidus
419 4309 444 4358 p,
465 4311 511 4347 om.
531 4297 558 4344 11
611 4297 796 4347 Tertulliusr
853 4295 970 4358 Quietus
985 4299 1135 4366 posteriore
1153 4296 1210 4345 icco
1228 4307 1278 4344 om.
1296 4293 1383 4354 upra,
1435 4288 1441 4415 ι

182 4363 285 4412 ΜΗ
331 4365 545 4415 assecurat
591 4365 716 4416 Heluidii
734 4379 792 4428 pra
837 4366 870 4415 26
888 4363 994 4431 tamen]
1014 4366 1112 4415 iuml)
1170 4355 1279 4427 etsuo]
1300 4365 1383 4412 eisoo
1435 4418 1438 4423 ,

182 4431 226 4493 np
312 4433 346 4482 26
364 4429 498 4500 perterre]
518 4434 641 4499 prolerre
659 4449 673 4482 r
692 4434 765 4484 ferre
783 4448 801 4481 a
896 4436 929 4483 27
953 4433 1069 4500 publicii
1086 4431 1155 4481 certi
1171 4442 1230 4493 pra
1246 4429 1382 4496 publicum

177 4500 335 4620 leffiqiflnn
381 4505 512 4552 cruentae
532 4501 700 4554 adulationis
717 4505 783 4570 Dpa
801 4503 937 4571 certieutq
956 4501 1129 4554 adulationis
1146 4500 1175 4548 Ι
1192 4499 1303 4591 cruenti
1321 4498 1382 4551 adu·
1434 4444 1441 4569 l
