2934 4966
630 276 843 327 Paanrarto.
1228 277 1343 326 XXXIX

135 434 203 495 dem
227 437 335 500 codice
354 445 425 498 sunt
435 440 622 515 panetaria·
633 439 764 499 altorum
780 445 923 498 auroram
936 437 1130 497 anniversa
1151 431 1342 518 caesarec*).

135 553 240 627 neque
262 539 338 601 ante
359 536 519 622 Autispae
548 539 688 601 aetatem
718 533 889 601 vermina
917 532 1097 610 orationem
1124 532 1176 598 uel
1203 530 1344 619 reliquos

135 638 350 722 panegyricos
368 661 391 703 a
413 660 573 724 quoquam
596 638 679 724 apud
703 636 801 702 Italos
818 628 1059 702 commemorari
1073 635 1195 701 inveni.
1220 635 1344 702 codices

135 741 243 803 autem
267 740 321 825 qui
343 763 431 807 nunc
453 745 566 830 extant
592 762 726 807 numero
754 739 900 826 plurimi,
932 738 987 803 secl
1016 759 1127 803 omnes
1154 739 1269 825 quinto
1291 738 1345 805 de·
1415 805 1418 809 .

134 840 218 906 cimo
241 842 370 908 sacculo
392 844 515 929 scripti,
537 849 667 930 praeter
688 864 808 928 paucas
830 841 964 906 schedas
986 840 1160 925 rescriptas
1182 843 1218 906 iu
1241 841 1342 909 Plinii

134 944 281 1010 oratione
310 967 350 1010 ex
377 947 512 1032 antiquo
540 947 649 1012 codice
666 945 824 1029 relictas,
855 945 894 1010 de
923 943 1051 1029 quibus.
1065 946 1179 1028 postea
1207 944 1342 1029 dicetur,

133 1045 182 1110 ita
202 1047 289 1112 inter
311 1069 346 1112 se
368 1050 594 1132 consentiunt,
618 1053 656 1114 ut
684 1069 795 1114 omnes
824 1068 865 1112 ex
892 1068 958 1124 uno
987 1045 1165 1131 exemplari
1186 1050 1257 1110 tum
1279 1048 1344 1132 pri·

133 1168 222 1211 mum
249 1148 384 1215 invento
413 1150 591 1236 descriptos
623 1172 695 1216 esse
722 1153 888 1235 appareat.
925 1170 1024 1234 quare
1052 1148 1116 1213 nisi
1145 1148 1217 1233 quis
1246 1151 1344 1215 alitam

134 1249 278 1316 codicem
308 1250 503 1338 Magrmtino
531 1252 669 1318 similem
697 1252 774 1317 olim
802 1252 998 1337 superfuisse
1027 1250 1150 1336 credet,
1179 1251 1229 1334 vel
1257 1251 1345 1319 hunc

132 1352 186 1416 rel
208 1355 433 1439 apographum
456 1356 523 1422 eius
546 1356 580 1420 in
604 1355 733 1420 Italiam
762 1358 943 1421 travectum
967 1375 1140 1439 carnesque
1166 1353 1266 1420 libros
1288 1356 1344 1441 qui

131 1457 247 1539 postca
268 1455 313 1521 ibi
337 1457 449 1542 scripti
472 1462 549 1522 sunt
572 1480 610 1522 ex
634 1479 671 1522 eo
694 1457 853 1549 originem
877 1457 1005 1522 duxisse
1028 1457 1195 1541 probabile
1217 1461 1277 1523 est.

218 1555 259 1622 In
275 1549 434 1643 vplurimis
452 1560 554 1645 igitur
576 1559 740 1625 codicibus
761 1558 862 1625 Plinii
884 1550 987 1624 oratio
1015 1581 1080 1623 una
1109 1582 1182 1624 cum
1211 1545 1364 1647 reliquis¹

131 1660 342 1746 panegyricis
363 1661 486 1746 scripta
508 1666 575 1750 est,
599 1663 685 1727 sicut
706 1661 741 1726 in
763 1665 871 1726 vetere
895 1661 1071 1746 exemplari
1094 1661 1156 1727 hae
1178 1664 1343 1729 orationes

130 1765 280 1845 repertae
303 1767 413 1847 erant3
435 1764 471 1828 in
492 1764 605 1849 paucis
627 1764 725 1829 etiam
747 1786 821 1829 cum
843 1768 915 1829 octo
939 1762 1150 1848 epistularum
1178 1764 1269 1831 libris
1292 1789 1343 1832 eo·
1438 1821 1440 1823 .

131 1863 212 1928 dem.
226 1864 296 1928 fere
324 1869 469 1950 tempore
498 1867 639 1931 inventis
667 1867 843 1932 coniuncta
866 1870 925 1930 est.
965 1865 1100 1931 collatos
1129 1871 1238 1932 autem
1268 1891 1341 1934 cum

131 1965 227 2032 editis
250 1968 488 2052 exemplaribus
516 1969 635 2053 partim
663 1990 735 2032 mea
762 1968 882 2053 partim
912 1968 1088 2033 amicorum
1116 1990 1214 2053 opera
1242 1971 1342 2038 habui

131 2067 208 2153 hos,
239 2090 374 2154 quorum
401 2070 498 2134 index
520 2070 608 2134 infra
630 2071 769 2155 scriptus
792 2076 851 2135 est.
886 2070 986 2135 codex
1008 2070 1234 2138 Vaticanus
1256 2075 1338 2142 3461

132 2171 268 2236 membr.
297 2169 355 2236 fol.
384 2172 419 2236 in
446 2171 553 2256 prima
562 2171 736 2256 'scriptura
757 2171 860 2244 multa
889 2172 939 2236 vel
967 2166 1195 2258 superscriptis
1222 2176 1342 2244 litteris

129 2273 182 2338 rel
203 2274 293 2338 varia
314 2273 454 2338 lectione
475 2274 523 2338 in·
539 2274 743 2360 marginibus
771 2275 925 2340 adnotata
951 2277 1131 2341 recentiore
1154 2300 1252 2342 manu
1275 2302 1342 2345 cor·

129 2379 220 2443 recta
242 2378 330 2467 sunt.
368 2374 407 2440 de
430 2379 535 2441 aetate
559 2381 665 2441 autem
694 2376 813 2442 codicis
841 2378 962 2441 erravit
984 2377 1165 2444 Fridericus
1189 2381 1355 2468 Duebner

129 2501 214 2544 mus.
238 2476 346 2543 Rhen.
380 2479 500 2543 noviss.
537 2501 565 2543 v.
590 2478 640 2543 Ill
663 2479 705 2565 (a
730 2479 826 2565 1845)
854 2502 887 2564 p.
915 2481 993 2564 154,
1029 2502 1101 2545 cum
1134 2503 1207 2546 eum
1229 2487 1340 2550 nescio

132 2602 195 2666 quo
225 2584 367 2646 auctore¹
383 2579 507 2645 decimo
535 2581 661 2646 saeculo
688 2582 845 2666 scriptum
874 2604 943 2647 esse
972 2583 1103 2649 diceret.
1142 2606 1208 2650 non
1232 2587 1338 2651 minus

130 2685 217 2750 enim
240 2706 338 2770 quam
366 2683 480 2768 reliqui
509 2683 585 2748 libri
607 2706 719 2749 omnes
748 2684 862 2768 quinto
889 2685 1013 2750 decimo
1044 2687 1171 2753 saeculo
1198 2672 1352 2774 scriptus

128 2790 188 2853 est.
228 2805 422 2872 quamquam
455 2785 550 2871 paulo
585 2786 749 2870 antiquior
782 2809 879 2870 quarn
913 2787 1011 2853 ceteri
1040 2788 1153 2872 quiin
1176 2789 1339 2856 Vaticana

49 2974 53 2982 ¹
128 2889 327 2955 bibliotheca
358 2890 436 2954 sunt
468 2892 560 2954 visus
588 2894 637 2954 est
669 2888 814 2955 Hernico
842 2889 1007 2955 Brunnio
1025 2895 1057 2954 et
1084 2894 1237 2978 Augusto
1257 2893 1338 2957 Wil·
1431 2947 1456 2954 ,,

128 2993 290 3078 mannsi0,
314 2992 370 3077 qui
392 3013 464 3057 mea
479 2993 582 3057 'causa
604 2992 722 3057 librum
743 2992 968 3078 inspexerunt.
990 2992 1076 3058 idem
1092 2994 1168 3060 olim
1183 2995 1339 3062 iudicavit

127 3096 155 3160 is
184 3096 240 3180 qui
271 3095 339 3159 eius
369 3095 593 3180 apographum
615 3095 739 3160 fecerat
766 3096 800 3162 in
830 3119 923 3161 usum
951 3095 1141 3162 Schwaraii:
1181 3099 1222 3163 cf.
1252 3098 1336 3165 Plin.

128 3220 207 3283 pan.
231 3198 281 3262 cd.
306 3195 457 3294 Schwarz
479 3219 511 3281 p.
537 3198 610 3263 731.
635 3197 734 3263 codex
757 3198 1163 3265 Wollenbuttelanus
1187 3200 1271 3266 Gud.
1294 3203 1337 3267 45

124 3300 236 3366 'chart
260 3299 318 3365 fol.
342 3298 405 3364 hoc
428 3303 505 3365 ante
527 3322 578 3365 me
601 3303 808 3366 hrntzenius-
826 3305 858 3366 et
881 3301 1081 3367 Sclrwaraius
1104 3303 1154 3367 usi
1176 3308 1262 3369 sunt.
1287 3325 1338 3369 co·
1411 3367 1413 3370 ,

127 3403 188 3468 dex
211 3401 543 3469 Vindoboueasis
564 3404 607 3466 ta
637 3403 713 3467 olim
742 3403 997 3488 salisburgensis
1028 3406 1055 3477 1.
1081 3427 1098 3482 c
1121 3406 1255 3485 membr.
1275 3407 1360 3492 iol„
1408 3488 1413 3493 .

126 3504 313 3570 Florentiae
342 3527 371 3570 a.
399 3506 485 3571 1468*
516 3506 672 3591 scriptus:
707 3507 749 3571 cf.
784 3505 961 3570 Endlicher
995 3507 1088 3572 catal
1125 3509 1193 3574 eod.
1216 3509 1334 3593 philol.

126 3607 221 3673 latin.
238 3606 336 3692 bibl.
361 3607 464 3673 Pelet.
488 3606 626 3673 Vindob.
649 3632 681 3693 p.
708 3610 778 3673 136.
807 3631 912 3673 annus
940 3630 1035 3692 quem
1067 3611 1133 3674 dixi
1166 3615 1242 3695 post
1263 3617 1335 3676 octo

126 3710 338 3795 epistularum
361 3709 476 3794 libros,
507 3711 562 3795 qui
590 3711 828 3797 panegyricum¹
851 3711 1066 3796 praecedunt,
1095 3713 1257 3778 indicatus
1282 3717 1337 3778 est

125 3813 188 3879 hac
207 3811 466 3898 subscriptione,
489 3821 671 3895 traizscrr'pt.
695 3820 881 3879 Florentiae.
898 3816 979 3880 HI0.
1003 3821 1072 3880 idas
1093 3823 1156 3880 ion.
1181 3836 1264 3879 anno
1286 3837 1334 3880 so-

124 4023 330 4034 -u-—a--w

193 4155 218 4222 ⁸)
238 4157 374 4224 Autispae
393 4158 542 4224 epistulam
570 4159 605 4209 ab
624 4159 749 4224 Angusto
768 4160 954 4210 Wilmannsio
974 4161 1001 4209 in
1027 4160 1151 4210 archivio
1169 4159 1334 4211 Florentino

124 4229 269 4279 inventam
290 4232 320 4276 et
337 4242 443 4277 mecum
462 4229 695 4278 communicatam
714 4227 771 4277 alio
791 4228 852 4279 loco
872 4229 963 4278 edam.
987 4245 1061 4278 nunc
1084 4228 1117 4278 de
1136 4234 1260 4293 tcmporc
1280 4246 1334 4294 quo

123 4297 230 4363 scripta
250 4301 295 4346 cst
313 4295 463 4349 hocaddo.
482 4297 654 4361 subscriptus
679 4303 723 4346 est
745 4297 884 4362 epistulae
909 4297 968 4347 dies
987 4301 1004 4347 4
1022 4297 1138 4361 Augusti
1161 4313 1216 4346 non
1239 4297 1334 4348 addito

124 4380 208 4414 anno.
228 4364 278 4414 sed
297 4379 370 4413 anno
397 4367 463 4415 1432
490 4366 638 4430 epistulam
663 4364 795 4428 scriptam
820 4381 882 4416 esse
902 4365 967 4415 indo
989 4366 1107 4415 maxime
1127 4367 1331 4432 comprobatur,

125 4433 200 4498 quod
221 4433 342 4497 Aruispa
362 4448 392 4482 se
412 4444 562 4498 expectare
582 4435 680 4484 scribit
700 4433 845 4483 adrentum
866 4434 1023 4483 Cardiualis
1044 4437 1071 4484 ὃ.
1086 4433 1193 4497 Crucis,
1214 4437 1261 4500 qrri
1275 4441 1332 4485 turn

128 4503 247 4568 primum
271 4516 332 4551 eum
347 4501 449 4566 legatis
469 4504 589 4568 Eugenii
602 4504 639 4553 1v
652 4503 791 4569 pontilicis
811 4503 845 4551 ad
865 4503 1012 4553 concilium
1032 4503 1205 4568 Basileensc,
1226 4504 1271 4554 cui
1285 4519 1330 4568 po-

131 4576 194 4623 stea
213 4586 263 4637 per
275 4569 388 4636 aliquod
401 4577 509 4637 ternpus
520 4573 652 4639 praefuit,
672 4571 812 4637 profectus
832 4587 895 4622 esse
913 4570 1031 4625 videtur.
