2934 4966
160 261 225 325 256
316 298 321 305 -
689 272 839 328 uiuum

161 428 283 512 editur,
306 426 334 492 si
356 426 462 491 editur
481 428 604 493 sattim.
633 426 750 513 igitur,
771 425 878 511 siquid
893 425 981 492 aliud
994 425 1031 491 iu
1045 420 1215 511 nrmribus,
1240 427 1378 493 interim

160 531 269 596 differ:
298 527 360 594 hoc
387 529 522 613 pertice,
552 529 637 615 quod
664 527 774 611 nobis,
802 528 858 614 qui
886 529 1052 616 legimns,
1074 529 1152 596 olim
1183 529 1377 597 absolutum

160 631 298 697 videtur.
321 631 393 695 ‘scd
419 631 485 696 iarn
513 632 661 697 viduatur
687 634 722 696 ct
748 630 826 715 tibi,
855 632 947 698 cuius
969 632 1212 697 cunctationem
1236 654 1303 700 nec
1326 655 1377 698 res

161 735 233 819 ipsa
254 733 416 799 desiderat
437 737 471 799 et
493 734 647 821 temporis
669 735 752 799 ratio
773 733 942 820 praecidit.
975 733 1057 799 vale.

737 902 781 971 Il.
1061 910 1067 917 “
1385 929 1398 966 s

513 1026 544 1084 C.
562 1028 713 1081 PLINIUS
731 1027 865 1080 SABINO
884 1025 957 1081 SUO
976 1027 1005 1079 S.
1190 1016 1193 1021 ⁴
1306 1052 1310 1056 ·

79 1181 84 1190 ·
134 1149 147 1211 l
245 1144 339 1210 Facis
366 1143 521 1227 iucunde,
552 1144 637 1230 quod
662 1165 730 1209 non
765 1143 869 1209 solnm
897 1142 1054 1229 plurimas
1086 1144 1248 1228 epistulas
1282 1166 1375 1211 meas

162 1269 272 1312 verum
293 1246 392 1312 ctiam
413 1247 621 1333 longissimas
643 1246 789 1332 flugitas;
811 1245 846 1311 iu
868 1245 985 1331 quibus
1006 1245 1134 1331 parcior
1155 1246 1225 1332 fui,
1249 1248 1374 1333 partini

9 1377 14 1383 ·
100 1360 106 1375 '
160 1350 236 1436 quia
257 1353 331 1416 tuas
352 1349 580 1435 occupationes
594 1350 738 1433 verebar,
759 1349 880 1436 partim
894 1349 970 1436 quia
990 1349 1062 1435 ipsc
1075 1349 1214 1416 multum
1238 1350 1375 1417 distrin-

160 1452 263 1540 gebar
276 1452 464 1538 plerumque
479 1452 608 1539 frigidis
624 1452 780 1539 negotiis,
803 1473 886 1537 quae
901 1450 998 1517 simul
1018 1456 1053 1517 et
1067 1457 1206 1520 avocant
1222 1452 1408 1535 animumn

130 1556 194 1621 aet
216 1555 449 1620 comminuunt.
483 1559 652 1639 praeterea
673 1576 734 1620 nec
755 1554 892 1619 materia
913 1554 1008 1641 plura
1030 1553 1203 1647 scribendi
1216 1553 1389 1623 daliatur(

161 1681 265 1743 noque
288 1658 375 1722 enim
397 1656 508 1722 eadem
530 1660 642 1722 nostra
664 1656 810 1722 condicio
831 1678 913 1743 quae
934 1655 981 1723 ill.
1004 1655 1108 1741 Tulli,
1134 1656 1294 1724 adonius
1318 1680 1371 1724 ex·

162 1759 305 1846 emplum
325 1781 385 1824 nos
406 1780 512 1824 vocas.
547 1759 595 1824 illi
617 1760 704 1824 enim
726 1763 759 1825 et
781 1759 1037 1845 copiosissimum
1058 1758 1231 1845 ingenium
1254 1763 1288 1825 et
1311 1782 1371 1847 par

160 1863 294 1949 ingenio
308 1883 372 1948 qua
393 1861 533 1926 varietas
547 1882 653 1926 rerum
669 1865 733 1947 qua
746 1860 938 1947 magnitudo
959 1861 1142 1948 largissime
1157 1862 1368 1950 suppetebat.

129 1968 219 2033 3nos
241 1986 337 2050 quam
360 1964 508 2049 angustis
532 1963 681 2029 terminis
704 1962 907 2047 claudamur,
936 1962 1035 2028 etiam
1062 1965 1192 2029 maante
1213 1986 1268 2031 me
1296 1987 1402 2051 per-u

159 2068 274 2154 spicis,
294 2065 368 2132 ‘nisi
390 2067 474 2131 forte
496 2066 640 2131 volumus
663 2065 873 2131 scholasticus
894 2065 956 2131 tibi
978 2069 1090 2151 atque,
1119 2067 1226 2132 atita
1247 2066 1367 2149 dicam,

69 2155 93 2229 ⁴.
128 2169 357 2238 dumbraticas
377 2167 504 2233 litteras
525 2169 665 2234 mittero.
705 2169 762 2234 sed
783 2168 867 2233 nihil
888 2168 997 2233 minus
1018 2171 1136 2253 aptum
1159 2167 1369 2257 arbitramur,

123 2332 126 2344 ,
161 2296 233 2338 cum
248 2294 339 2336 arma
352 2275 476 2354 vestra,
501 2292 573 2335 cum
589 2274 696 2337 castra
703 2322 713 2356 ,
729 2292 802 2336 cum
817 2270 955 2355 danique
970 2291 1092 2336 cornua
1106 2270 1203 2336 tubas
1217 2272 1368 2340 sudorem

129 2375 324 2462 5pulvcrcm
345 2373 429 2438 soles
445 2374 633 2459 cogitamus.
665 2372 780 2457 habes,
803 2375 948 2459 utputo,
971 2372 1091 2437 iustam
1112 2374 1367 2461 excusationem,

85 2475 96 2483 ’
160 2501 257 2564 quam
278 2480 389 2542 tamen
404 2475 516 2541 dubito
531 2499 574 2541 an
595 2476 657 2541 tibi
679 2475 810 2562 probari
824 2475 931 2541 velim.
969 2479 1019 2540 est
1040 2474 1128 2541 enim
1142 2475 1260 2541 summi
1281 2499 1400 2543 amon

160 2583 206 2646 ris
233 2601 354 2667 negare
381 2579 510 2643 veniam
537 2578 687 2644 brevibus
715 2578 861 2664 epistulis
889 2577 1081 2663 amicornm,
1107 2579 1256 2664 quamvis
1283 2581 1368 2647 scias

159 2682 225 2749 illis
249 2684 397 2747 constare
419 2683 589 2748 rationem.
622 2682 705 2747 vale.

162 2875 365 2899 *⁸*—

231 3015 243 3063 l
263 3011 288 3062 si
306 3010 398 3061 editur
416 3027 464 3062 om.
483 3012 556 3074 ltpr‚
575 3013 637 3062 auid.
655 3012 706 3060 lia
809 3009 902 3074 siquid
920 3009 996 3060 uliud
1013 3009 1108 3074 lipsa
1130 3011 1154 3061 si
1173 3011 1239 3076 quid
1259 3011 1366 3078 aliquid

160 3083 182 3131 n
201 3081 226 3132 si
244 3079 351 3145 aliquid
369 3093 384 3127 r
452 3080 561 3131 interim
580 3079 661 3130 differ
678 3081 706 3129 Ι
723 3078 804 3129 differ
822 3078 933 3129 interim
952 3091 991 3134 aa
1008 3079 1103 3129 differt
1121 3079 1234 3130 interim
1250 3082 1294 3130 Dr
1311 3081 1366 3132 dit·

161 3151 234 3201 terct
251 3148 396 3208 interimp
464 3150 480 3198 2
499 3148 601 3212 profice
619 3162 634 3196 r
702 3150 718 3198 3
735 3163 770 3197 ne
790 3163 835 3197 res
853 3149 916 3213 ipsa
928 3145 1075 3212 desyderet
1093 3149 1178 3198 stiam
1195 3147 1272 3199 horis
1291 3152 1366 3200 ratio

161 3217 340 3284 praecedit·
409 3217 425 3266 4
444 3222 472 3267 et
490 3218 585 3267 mortis
604 3217 675 3266 ratio
694 3219 766 3279 culpo

229 3285 257 3335 ΙΙ
276 3287 290 3335 i
310 3300 365 3334 non
383 3284 471 3335 solum
490 3284 627 3349 epistulas
646 3299 741 3334 trorum
758 3286 843 3334 etiam
862 3283 998 3350 plurimus
1019 3283 1133 3348 flagitas
1151 3285 1180 3332 Ι
1265 3285 1283 3335 8
1302 3301 1366 3351 par·

161 3350 231 3418 cior]
253 3353 359 3418 partior
376 3354 423 3401 nr
491 3354 592 3418 partim
611 3357 724 3419 propter
742 3358 806 3403 tuas
825 3352 1026 3417 occupationes
1044 3353 1182 3417 partims
1251 3356 1367 3405 tuero·

160 3414 289 3487 biritu,
308 3421 421 3484 nonip,
440 3437 486 3472 om.
505 3423 547 3469 Dr
600 3421 820 3486 distringebatr
873 3423 905 3471 10
923 3419 1017 3487 simul]
1043 3420 1205 3486 plerumque
1222 3422 1286 3484 Dpr
1340 3428 1368 3473 et

161 3506 285 3542 auoceris
303 3489 425 3540 animum
444 3489 632 3539 comminuunt
648 3492 690 3539 ltr
760 3492 791 3538 ia
810 3486 919 3556 nostra]
939 3504 1002 3540 mea
1020 3501 1056 3544 ις
1126 3488 1249 3539 conditio
1267 3488 1298 3539 M

161 3559 234 3610 tullii
250 3561 335 3621 upra
405 3558 654 3621 raucisonam
723 3558 795 3608 enirn
817 3571 900 3620 onap
969 3557 1112 3624 ingenium
1134 3562 1163 3607 et
1181 3572 1233 3621 pur
1249 3557 1367 3624 iugenio

161 3643 216 3694 qua
234 3628 359 3678 varietus
376 3639 466 3685 rerum
485 3641 540 3690 qua
558 3625 718 3691 magnitudo
736 3627 768 3679 Ν.
790 3627 913 3677 Heinsius
930 3628 955 3676 in
972 3627 1062 3676 Volcr.
1076 3626 1162 3675 ilaec.
1176 3626 1276 3690 Argon.
1296 3628 1322 3678 V
1333 3629 1368 3680 85

159 3696 303 3761 ingenium
323 3710 377 3760 qua
395 3694 518 3744 uarietas
536 3710 627 3745 rorum
646 3711 700 3760 qua
719 3694 881 3760 magnitudo
899 3696 927 3742 Ι
945 3695 1087 3760 ingenium
1111 3700 1140 3743 ct
1158 3694 1272 3756 iugenio
1293 3710 1367 3759 quac

160 3765 285 3816 uarietas
304 3779 393 3813 rerum
417 3778 489 3826 quae
512 3763 673 3828 magnitudo
691 3765 734 3826 Dp
761 3764 904 3828 ingenium
931 3770 959 3813 et
982 3762 1095 3827 ingenio
1123 3762 1367 3814 tritrictas'rcrurn

161 3832 322 3898 magnitudo
350 3829 552 3896 (maguitudino
570 3830 597 3893 ς)
615 3843 652 3885 re
679 3833 822 3897 ingenium
851 3838 880 3882 ot
903 3844 954 3896 par
980 3832 1092 3896 ingenio
1119 3829 1239 3880 materia
1258 3838 1367 3896 quanta

160 3903 283 3952 uarietas
302 3915 392 3950 rorum
404 3913 488 3964 quam
501 3899 661 3964 magnitudo
674 3916 699 3949 a.
717 3901 857 3966 ingenium
878 3905 906 3950 et
924 3900 1038 3964 ingenio
1058 3914 1112 3964 qua
1130 3899 1256 3949 varietus
1274 3915 1368 3950 rernm

161 3986 216 4036 qua
234 3968 396 4036 magnitudo
414 3984 451 4017 ea·
468 3967 532 4017 libro
551 3984 624 4018 muno
641 3970 740 4032 scripio
758 3971 867 4033 protulit
883 3968 992 4018 alladius
1009 3969 1137 4033 iiouuntiq.
1158 3969 1215 4016 lect.
1236 3971 1271 4016 92
1292 3971 1366 4018 Grai.

160 4045 235 4104 lump.
260 4039 286 4088 V
300 4055 330 4102 p.
345 4040 408 4099 m,
427 4037 625 4102 quoddefeudii
643 4036 667 4085 1.
681 4038 711 4086 F.
725 4036 1087 4088 Gronoviusodaeru.lll12
1142 4038 1172 4085 14
1191 4034 1365 4102 largissimo]

160 4106 349 4158 clarissimcr
417 4105 586 4170 subpctcbut
604 4106 631 4153 u
704 4108 734 4156 16
753 4105 940 4156 scolastichas
958 4106 1010 4155 tibi
1029 4104 1116 4170 adquo
1133 4104 1160 4151 ll
1249 4103 1301 4152 tibi
1319 4124 1366 4158 om.

160 4189 176 4238 p
246 4177 278 4226 18
297 4190 358 4225 cum
387 4190 464 4223 arma
491 4178 586 4223 uestra
604 4191 664 4224 cum
685 4183 779 4225 castra
801 4190 862 4223 cum
880 4173 999 4241 denique
1018 4176 1045 4222 Μ
1073 4189 1132 4223 cum
1161 4186 1240 4221 arma
1268 4179 1365 4223 iicstrn

161 4259 221 4294 cnm
241 4249 336 4294 castra
353 4241 472 4307 deruqno
489 4243 556 4296 nas
573 4257 635 4294 cum
654 4251 822 4293 armaturam
841 4258 902 4293 cum
922 4248 1017 4294 castra
1035 4242 1153 4307 denique
1171 4253 1188 4301 p
1206 4254 1269 4290 crim
1288 4257 1366 4292 arma

161 4327 222 4362 cum
241 4318 335 4362 castra
353 4317 447 4361 riestra
465 4309 618 4374 deuiquct
688 4315 720 4363 19
739 4311 868 4377 pulueres
881 4326 913 4375 p,
932 4330 980 4366 om.
999 4314 1026 4360 Μ
1095 4313 1129 4360 20
1147 4313 1191 4358 est
1207 4308 1301 4364 liras
1320 4317 1366 4362 eut

161 4382 184 4428 n
202 4387 297 4445 eratp
367 4380 439 4430 enim
459 4379 511 4430 tibi
530 4382 628 4431 summi
646 4384 675 4430 n
742 4382 774 4429 21
794 4380 948 4432 breuiusD
1018 4380 1105 4430 sciam
1122 4379 1150 4427 1
