2934 4966
233 327 235 330 ,
319 280 567 331 arrarumnun
588 279 701 330 ra-ao.
724 263 847 356 [sa-ss.
871 279 913 331 ro.
938 265 989 357 ra]
1014 275 1050 345 (a.
1074 275 1219 346 ιιι-ιιι)
1305 267 1370 334 279

130 456 134 460 ’
163 461 230 504 non
253 435 356 503 solum
371 455 411 501 ex
433 436 502 504 eius
516 432 707 525 honoribus,
729 460 808 525 quos
829 438 865 505 in
880 438 960 504 urbe
975 421 1036 503 sub
1051 439 1152 505 oeulis
1174 438 1240 505 tuis
1255 439 1367 527 gessit,
1436 476 1451 524 ,-

105 538 107 545 ’
164 562 274 607 verum
297 538 396 605 etiam
418 561 458 605 ex
480 541 669 608 commilitio
692 564 762 608 esse
788 540 1002 608 notissimam.
1036 541 1117 608 illud
1139 564 1255 626 unum,
1285 543 1399 628 quod3

118 628 124 637 ’
162 645 297 729 propter
328 642 499 710 caritatem
526 647 595 711 eius
617 645 761 712 noudum
782 643 863 710 mihi
889 643 999 710 videor
1021 646 1101 710 satis
1124 644 1220 730 plene
1241 645 1368 730 fecisse,

164 745 264 810 etiam
291 748 388 832 atque
416 747 514 814 etiam
539 749 627 815 facio
653 752 766 834 teque,
796 746 940 833 domine,
968 769 1048 834 rogo
1076 748 1218 835 gaudere
1242 770 1295 814 me
1316 769 1370 813 ex·

136 850 280 915 roman
308 850 488 936 quaestoris
515 851 579 917 mei
606 851 783 938 dignitate,
812 848 847 915 id
874 852 925 915 est
949 872 1009 936 per
1035 849 1128 917 illum
1154 871 1242 937 mea,
1272 871 1370 937 quam

118 951 381 1019 maturissime
400 952 493 1020 velis.

594 1123 734 1192 xxm.
759 1122 936 1215 [xxxvi]

444 1247 475 1302 O
492 1231 644 1302 PLINIUS
662 1246 827 1299 TRAIANO
845 1247 1080 1303 IMPERATORI

248 1365 425 1453 Maximus,
440 1364 577 1432 libertus
592 1369 627 1433 et
639 1367 829 1455 procurator
842 1367 929 1449 tuus,
949 1329 1094 1451 domine,
1110 1329 1241 1452 praeter
1255 1367 1369 1434 decem

117 1485 144 1526 1⁰
158 1468 401 1553 beneficiarios,
424 1491 504 1554 quos
526 1469 691 1556 adsignari
715 1492 736 1534 a
755 1490 808 1534 me
829 1467 1011 1534 Gemellino
1018 1469 1175 1554 ,optimo
1198 1469 1281 1556 viro,
1304 1470 1368 1537 ins-

158 1572 251 1656 sisti,
279 1572 342 1637 sibi
370 1593 497 1658 quoque
526 1573 696 1638 confirmat
726 1570 926 1637 necessarios
949 1570 1160 1637 essemilites
1177 1622 1185 1637 .
1204 1622 1212 1638 .
1230 1623 1238 1638 .
1255 1595 1294 1638 ex
1316 1573 1369 1640 his
1413 1589 1415 1595 '

157 1675 296 1741 interim
311 1724 320 1740 .
337 1725 345 1740 .
363 1724 398 1761 .,
427 1674 513 1741 sicut
539 1675 743 1759 inveneram,
775 1674 811 1739 in
833 1673 1015 1738 ministerio
1044 1674 1112 1739 eins
1140 1674 1368 1762 relinquendos

105 1838 114 1849 ,
159 1777 361 1862 existimavi,
382 1779 574 1862 praesentim
597 1801 669 1845 cum
692 1778 732 1842 ad
746 1778 947 1843 frumentum
970 1763 1224 1862 comparandum
1246 1779 1309 1845 iret
1330 1779 1367 1846 in

158 1878 432 1965 Paphlagoniam.
468 1880 547 1965 quin
568 1880 673 1966 ]etiam
695 1880 817 1945 tutelae
840 1901 954 1964 causa,
982 1880 1058 1965 quia
1080 1881 1128 1946 ita
1150 1880 1365 1967 desiderabat,

113 1998 145 2039 ¹⁵
159 1982 271 2049 addidi
282 1982 373 2048 'dnos
388 1982 523 2069 equites.
552 1984 587 2049 in
609 1983 754 2049 futurum
769 1983 847 2068 qnid
868 1983 990 2048 servari
1004 1983 1085 2049 velis
1099 2004 1179 2071 rogo
1193 1985 1364 2051 rescribas.

575 2092 950 2244 xxvmsnnxvnn

594 2277 779 2330 nullanus
797 2275 928 2328 PLINIO

245 2393 342 2460 Nune
356 2392 487 2480 quidem
502 2393 761 2480 proficiscentem
776 2394 818 2459 ad
836 2399 1003 2491 comparat
1004 2396 1111 2478 ionem
1106 2397 1365 2492 frumentorum

158 2496 355 2581 Maximum,
371 2495 524 2562 libertum
539 2517 655 2580 meum,
673 2498 759 2591 recte
774 2497 859 2561 milit
860 2496 958 2562 ibus
949 2521 1000 2562 1ns
1001 2492 1142 2565 trusisti.
1121 2488 1366 2587 ifnngebatur

116 2618 146 2660 20
160 2601 247 2667 enim
276 2601 345 2665 et
335 2622 406 2686 1pse
434 2599 689 2666 extraordinario
712 2621 856 2665 munere.
895 2601 1031 2666 eumad
1058 2596 1233 2687 pristinum
1257 2606 1365 2671 actum

159 2724 306 2768 reversus
333 2703 447 2786 fuerit,
476 2703 642 2768 sufficient
667 2702 715 2766 illi
737 2702 800 2768 duo
823 2725 843 2767 a
869 2706 903 2768 te
932 2704 998 2769 dati
1022 2705 1141 2770 milites
1164 2709 1204 2771 et¹
1229 2708 1365 2775 totidem

160 2829 180 2871 a
201 2805 316 2873 Virdio
338 2805 534 2891 Gemellino,
557 2809 765 2891 procuratore
787 2827 876 2891 meo,
900 2829 995 2893 quem
1018 2807 1159 2873 adiuvat.

448 3005 449 3008 κ
552 2975 723 3048 xxvun.
758 2975 969 3068 [nnumin]

441 3099 472 3152 0.
491 3099 641 3152 PLINIUS
660 3099 824 3153 TRAIANO
842 3100 1072 3153 IMPERATORI

119 3234 144 3276 as
244 3215 452 3302 Sempronius
464 3215 647 3300 Caelianus,
663 3216 813 3302 egregius
824 3218 965 3302 invenis,
982 3222 1127 3302 repertos
1142 3221 1229 3286 inter
1239 3222 1390 3289 tironesl

156 3318 237 3384 duos
259 3340 367 3384 servos
389 3319 480 3385 misit
502 3320 543 3384 ad
564 3341 631 3403 me3
660 3341 796 3404 quorum
819 3341 879 3406 ego
902 3320 1095 3406 supplicium
1112 3306 1245 3408 distuli,
1271 3328 1308 3390 ut
1329 3329 1362 3391 te

157 3420 357 3488 conditorem
369 3422 562 3509 disciplinae
573 3421 721 3486 militaris
733 3422 993 3509 firmatoremque
1006 3424 1205 3490 consulerem
1216 3426 1256 3490 dc
1266 3427 1361 3494 modo
1446 3505 1449 3511 ,

154 3540 289 3611 poenae.
319 3525 390 3611 ipse
405 3527 492 3592 enim
507 3525 619 3590 dubito
642 3525 683 3588 ob
698 3525 760 3590 boc
774 3528 925 3609 maxime,
949 3527 1048 3612 qnod,
1071 3531 1109 3592 ut
1130 3528 1193 3593 inm
1210 3530 1391 3597 dixeranra

155 3632 361 3694 sacramento
388 3630 538 3713 militari,
572 3635 617 3693 ito
643 3629 787 3693 nondum
821 3628 985 3695 distributi
1013 3631 1048 3695 in
1076 3653 1226 3696 numeros
1256 3636 1359 3699 erant

117 3731 233 3818 soquid
256 3752 333 3818 ergo
356 3731 489 3798 dcbeam
510 3731 601 3817 sequi
620 3751 718 3817 roge,
742 3731 888 3816 domine,
912 3733 1050 3820 scribas,
1073 3735 1264 3820 praesertim
1288 3758 1360 3801 cum

153 3835 319 3922 pertineat
341 3834 382 3900 ad
403 3833 594 3920 exemplum.

153 3943 361 3953 ——-—

225 3978 291 4025 lex
311 3975 352 4025 eis
370 3974 521 4025 honoribus
540 3973 650 4025 Orellins
718 3976 815 4025 bmea
834 3975 928 4026 Aldus²
946 3992 1035 4026 meam
1053 3991 1070 4026 a
1194 4013 1205 4032 ι

223 4043 329 4094 XXVII
348 4043 388 4093 De
406 4043 543 4094 militibus
561 4043 683 4092 lllaxirno
702 4058 751 4107 pro
771 4044 896 4093 curatori
909 4045 1094 4110 adsignandis
1113 4060 1130 4094 a
1194 4049 1223 4096 11
1243 4044 1357 4114 milites,

154 4130 189 4165 ex
216 4113 260 4164 bis
286 4112 409 4170 interim,
437 4113 511 4161 sieut
539 4112 699 4162 inuenerem
728 4125 756 4159 a:
790 4129 907 4162 nannenus
932 4116 1033 4164 militnm
1063 4122 1088 4164 et
1113 4120 1174 4179 post
1200 4114 1305 4166 milites
1332 4124 1358 4166 et

152 4190 215 4248 post
241 4181 352 4232 interim
378 4182 509 4231 excidisse
535 4183 644 4232 videtur.
672 4180 777 4230 milites
799 4182 921 4234 sennis
947 4182 1073 4246 interim,
1101 4183 1174 4233 sicut
1195 4183 1356 4234 inveneram

154 4250 325 4301 lllornmsenns

222 4317 358 4369 XXVIIII
375 4318 418 4368 De
437 4317 526 4367 seruis
543 4317 615 4368 inter
632 4323 746 4382 tyrones
764 4318 888 4368 inuentis
906 4332 923 4367 a
973 4319 1007 4368 28
1025 4319 1060 4371 ob
1077 4319 1150 4370 haec
1168 4333 1186 4368 ι
1253 4320 1357 4372 utiam

155 4385 273 4436 dixerint
291 4388 468 4437 sacramento
488 4385 616 4447 militari,
643 4386 763 4436 nondum
782 4386 947 4438 Carantonus
975 4389 1028 4438 etsi
1053 4387 1146 4439 adacti
1165 4392 1246 4439 erant
1263 4405 1358 4441 sacra·

144 4461 248 4505 mento
266 4454 394 4514 militari,
414 4453 533 4503 nondum
552 4455 721 4505 nllomrnrenus
789 4458 822 4506 29
841 4455 971 4505 militar
964 4474 973 4504 1
991 4456 1109 4506 nondum
1128 4471 1145 4505 ι
1195 4460 1229 4509 30
1247 4461 1358 4511 Plinius

154 4524 190 4572 ad
211 4524 351 4574 Traianum
369 4525 461 4588 episto.
479 4524 599 4588 ripesirnn
616 4530 700 4589 prima
718 4541 784 4591 qnae
801 4527 874 4591 culpo
887 4528 1088 4590 nonreperitur
1109 4525 1181 4588 Quid
1194 4542 1307 4593 ergo-
1273 4527 1357 4579 -ad

155 4591 320 4660 exemplum'
339 4593 460 4644 Budaeus
476 4600 565 4644 anneot.
584 4594 611 4644 in
625 4596 706 4659 pand.
722 4594 744 4659 s.
763 4597 815 4646 30*
833 4595 875 4648 ed.
893 4595 1002 4646 Arcens.
1022 4610 1047 4645 a.
1067 4595 1135 4646 1516
