2934 4966
1442 83 1467 178 le

172 275 249 342 192·
349 290 352 295 ·
529 281 532 285 ·
637 286 849 341 mem
951 348 956 355 ,
1144 254 1147 259 ’
1441 237 1446 326 i

171 448 357 532 quaestores
379 442 679 513 manseramus.
709 442 765 509 1110
785 463 838 509 ma
862 443 899 509 sn
918 440 1090 507 seems
1110 440 1300 523 summ!
1313 439 1381 507 sure
1440 429 1442 524 j
1466 413 1467 456 ³

170 548 361 633 praecessit,
384 567 446 635 ego
466 546 559 613 illum
569 547 617 613 ‘iu
630 548 784 633 praetura
795 567 868 613 sum
882 546 1092 627 mnsecntua,
1113 564 1189 611 cum
1201 541 1290 611 milri
1304 540 1381 611 cae

171 669 226 714 sar
247 671 369 716 annum
384 650 576 717 'remisisset
615 670 678 736 ego
703 649 740 715 in
760 648 855 715 villas
882 647 953 715 eius
977 667 1075 733 saepe
1095 646 1231 732 secam,
1259 645 1321 713 ille
1345 646 1380 711 in
1449 645 1450 648 ’

140 750 267 820 3domo
295 774 368 819 mea
394 773 491 838 saepo
517 751 693 819 convaluit
731 751 786 819 hic
812 771 901 817 nuno
928 769 990 837 pro
1015 748 1148 815 consule
1173 748 1380 837 provinciam

71 869 77 883 ¹
175 850 343 921 Baeticam
364 876 424 941 per
437 854 588 921 Ticinum
610 858 660 921 est
681 850 851 941 petiturus
883 872 996 939 spero,
1018 851 1119 925 immo
1132 850 1262 919 conlido
1283 850 1402 919 rooles
1444 859 1454 968 Ι

141 959 224 1023 4me
245 956 493 1042 impetraturum
514 959 554 1023 ut
573 978 614 1024 ex
635 957 753 1024 itinere
768 955 921 1023 deflectet
941 954 983 1021 ad
1003 956 1054 1040 te,
1077 952 1211 1021 nivales
1231 953 1381 1021 vindicta
1445 971 1455 1068 p

171 1057 311 1124 liberare
332 1080 411 1145 quos
433 1059 579 1145 proxime
599 1059 687 1126 inter
707 1060 828 1126 amicos
848 1052 1077 1125 manumisisti.
1114 1054 1200 1123 nihil
1221 1055 1380 1143 estquod

171 1160 312 1227 verearis
332 1182 375 1228 ne
390 1162 436 1227 sit
455 1160 518 1228 hoc
538 1160 588 1228 illi
608 1160 796 1247 molestum,
819 1161 872 1228 cui
893 1160 1005 1228 orbam
1024 1162 1186 1249 terrarum
1208 1158 1380 1227 meamne

141 1267 240 1333 bnon
260 1262 324 1329 erit
345 1262 479 1350 longum
499 1284 695 1331 muscanea
728 1264 863 1354 proinde
875 1262 1012 1331 nimiam
1033 1261 1132 1329 iatam
1149 1260 1380 1337 vmeenndiam

172 1385 257 1450 pone
284 1367 381 1451 teque
411 1365 488 1451 quid
516 1366 596 1433 uelis
623 1367 765 1434 consule.-
808 1365 858 1433 illi
884 1368 954 1433 tam
986 1362 1164 1443 iucundum
1189 1362 1279 1451 quod
1305 1382 1413 1451 agore

171 1486 271 1552 quam
290 1465 372 1533 mihi
393 1469 478 1554 qood
498 1471 536 1535 tn
556 1468 659 1536 iubes.
688 1469 772 1537 vele.
1135 1519 1137 1523 .
1251 1524 1255 1529 .
1329 1501 1332 1505 <

524 1760 556 1814 0.
575 1760 723 1815 PLINIUS
742 1760 880 1815 canum
897 1759 970 1815 SUO
988 1760 1017 1814 S.

145 1883 161 1946 1
206 1851 210 1857 ⁴
258 1876 325 1944 Sua
346 1877 460 1963 cuique
480 1878 565 1945 ratio
585 1877 761 1963 recitandi3
782 1877 883 1964 milri,
907 1844 1111 1966 ouod'saepe
1131 1876 1199 1943 iam
1215 1876 1376 1965 -dixiput,

29 2079 32 2084 1
62 1977 64 1981 ’
141 1978 277 2065 usiquid
291 1979 460 2066 nescirit,
483 1983 521 2047 ut
535 1983 622 2063 certe
635 1980 738 2068 fugit,
760 1980 945 2047 admonear.
979 1979 1162 2066 quomgis
1175 1978 1407 2066 mirorquoda

172 2080 287 2146 scribis
308 2080 410 2148 fuisse
423 2082 579 2168 quosdam
592 2083 648 2169 qui
668 2081 943 2169 reprehenderent
960 2082 1047 2169 quod
1066 2080 1231 2148 orationes
1244 2080 1376 2147 omnino

141 2182 357 2269 3recitarem3
379 2184 444 2251 nisi
457 2206 535 2252 vero
556 2188 615 2253 has
630 2185 717 2251 solas
730 2206 798 2252 non
819 2188 938 2271 putant
950 2182 1181 2251 emendandas.
1217 2204 1241 2275 a
1259 2184 1376 2271 quibus

171 2285 312 2359 libenter
332 2287 548 2373 requisierim,
571 2308 628 2354 eur
649 2288 846 2373 concedant,
876 2287 905 2355 si
926 2286 1108 2379 concedunt
1127 2284 1377 2371 tamen,‘luialo

170 2387 255 2454 riam
276 2388 392 2455 debere
412 2389 559 2475 recitari,
582 2412 663 2476 quae
677 2411 745 2456 non
765 2389 977 2456 ostentationi
982 2384 1072 2474 {aad
1085 2387 1162 2456 fidei
1181 2388 1378 2477 veritatique

173 2491 391 2577 componitur,
414 2513 471 2558 cur
491 2492 710 2579 tragoediam,
733 2514 815 2579 queo
827 2514 894 2559 non
916 2491 1122 2576 auditorium,
1145 2491 1203 2557 aed
1223 2509 1408 2559 scaenamn

172 2596 206 2658 et
219 2597 361 2679 actores,
375 2615 442 2660 cur
462 2593 580 2680 lyrica,
604 2617 686 2681 quae
700 2616 768 2660 non
788 2594 960 2679 lectorem,
982 2592 1040 2659 secl
1061 2594 1196 2661 chorum
1217 2596 1251 2660 et
1272 2594 1376 2681 lyram
1435 2608 1438 2633 ¹

141 2699 320 2781 spaseune.
350 2695 513 2762 atheram
534 2697 683 2763 recitatio
697 2718 758 2762 usu
779 2696 846 2762 iam
865 2699 998 2782 recepta
1019 2699 1079 2762 est.
1108 2718 1189 2763 num
1211 2717 1293 2783 ergo
1314 2696 1377 2763 cul·
1439 2750 1442 2754 .

171 2797 298 2883 paudus
313 2802 363 2864 est
383 2798 438 2865 ille
452 2799 508 2885 qui
531 2799 661 2886 coepit?
689 2820 886 2886 quamquam
900 2798 1062 2873 orationes
1075 2818 1203 2886 quoque
1224 2801 1260 2865 et
1273 2799 1377 2867 nostri

64 2967 71 2984 ,
142 2900 303 2986 {equidem
325 2904 358 2967 et
373 2899 490 2968 Graeci
511 2901 752 2968 lectitaverant.
779 2922 1014 2988 superuacuum
1033 2905 1146 2969 tamen
1167 2904 1228 2969 est·
1238 2901 1378 2970 recitare
1440 2904 1443 2915 '

172 3025 255 3089 quae
276 3003 404 3069 dixeris,
433 3004 549 3089 etiam,
572 3005 600 3069 si
622 3004 735 3070 eadem
749 3004 870 3090 omnia,
897 3004 925 3069 si
946 3003 1050 3070 isdem
1071 3004 1238 3091 ommium,
1261 3005 1292 3071 si
1313 3008 1411 3071 scas

172 3106 230 3171 tim
252 3107 380 3172 recites.
408 3105 436 3172 si
457 3127 534 3172 vero
547 3106 651 3172 multa
670 3107 812 3192 inseras,
838 3106 942 3172 multa
956 3111 1150 3193 commutes,
1172 3107 1201 3173 si
1222 3106 1378 3193 quosdam
1442 3142 1445 3199 ς

243 3386 412 3435 loaesarea
428 3383 457 3432 1
525 3384 731 3464 leonatitntue
747 3384 788 3434 llr
855 3382 1056 3450 ipsoconsule
1073 3385 1142 3440 lire
1163 3384 1325 3459 proconsuli
1334 3387 1378 3449 Dp

172 3446 1101 3586 1111111111ιῶω11111Μ111111111ς
1169 3454 1377 3574 istriensi

173 3589 246 3655 quod
263 3605 316 3656 ego
334 3604 416 3655 quam
434 3588 502 3640 mihi
519 3588 592 3654 quod
609 3593 640 3638 tu
658 3587 966 3641 intermiscendum
983 3604 1066 3655 quam
1077 3588 1147 3641 milui
1158 3588 1231 3656 quod
1247 3593 1281 3641 tu
1299 3590 1378 3643 iubes

172 3659 238 3722 Ilus
255 3657 407 3709 iucundum
424 3657 497 3723 quod
515 3672 568 3724 ego
586 3657 666 3723 quari
682 3656 750 3707 mihi
768 3661 799 3706 tu
816 3656 896 3709 iubes
913 3670 929 3706 r

241 3759 323 3812 xvn
340 3762 373 3812 13
391 3760 482 3812 Nonio
501 3758 628 3815 Celeris
726 3760 759 3809 14
777 3760 850 3812 ratio
869 3765 914 3812 est
929 3760 1070 3813 recitandi
1085 3773 1122 3816 rs
1187 3751 1252 3812 ¹ut
1269 3761 1296 3813 ai
1314 3760 1378 3826 quid

160 3901 271 3962 ,quarte
291 3897 364 3962 fugit
379 3898 402 3945 D
421 3901 497 3947 certe
515 3911 558 3946 me
577 3896 730 3962 fugitent
747 3900 824 3947 certe
843 3911 887 3947 me
905 3898 980 3964 fugit
999 3898 1145 3949 Catonem
1269 3903 1378 3950 moneat

172 3978 190 4029 p
260 3965 292 4015 16
309 3965 509 4031 reprenderent
525 3966 554 4012 Ι
622 3963 732 4015 οιιιιιίιιο
750 3966 839 4015 omli
927 3968 960 4018 17
977 3970 1100 4018 recitare
1117 3967 1173 4017 nisi
1191 3965 1244 4017 hae
1259 3979 1277 4015 r
1345 3967 1377 4017 18

172 4033 347 4098 requisierim
364 4034 432 4089 Ιις
449 4033 611 4099 requisieris
627 4034 671 4095 Dp
688 4033 871 4098 requisieram
889 4048 907 4084 a
988 4038 1020 4087 19
1038 4035 1135 4086 deberi
1151 4049 1167 4084 r
1234 4033 1376 4085 hortante·

173 4101 243 4153 tioni
259 4104 288 4150 Ι
305 4102 501 4153 ostentationis
518 4102 561 4163 up
630 4104 664 4152 20
682 4101 870 4152 auditorumr
948 4101 1099 4154 schaenam
1117 4104 1146 4153 1
1213 4104 1247 4154 21
1267 4107 1376 4154 actores

172 4170 222 4221 1⁸
239 4176 319 4222 actor
337 4177 365 4222 et
382 4172 423 4219 Dr
441 4171 580 4221 actionem
599 4173 661 4233 etp
679 4174 804 4220 actorem
823 4176 852 4220 ot
870 4184 887 4227 ς
955 4174 989 4223 22
1007 4177 1158 4239 poscuntur
1181 4168 1218 4221 uel
1235 4170 1333 4222 horum
1349 4172 1377 4221 Ι

241 4235 309 4306 iam]
329 4240 432 4290 namn
500 4234 578 4304 num]
597 4253 686 4301 nonp
772 4241 806 4290 23
825 4240 901 4305 cepit
916 4243 945 4289 1
963 4242 1088 4307 coeperit
1104 4255 1141 4304 pr
1209 4254 1376 4306 quemquam

173 4307 315 4359 erutiones
334 4323 442 4375 quoque
461 4305 582 4374 (quoquo
600 4324 649 4359 om.
667 4306 694 4370 ς)
722 4312 751 4358 et
773 4308 862 4363 nostri
887 4308 998 4373 quidam
1018 4308 1139 4376 (quidem
1156 4304 1207 4374 με)
1233 4311 1264 4357 et
1281 4309 1376 4374 graeei

173 4375 267 4439 lpse
294 4392 452 4443 quanquam
471 4376 610 4427 orationes
633 4391 792 4442 quanquam
819 4382 848 4428 et
874 4378 963 4429 nostri
988 4378 1100 4445 quidam
1127 4376 1222 4443 graeci
1238 4377 1261 4425 ll
1280 4393 1375 4442 quam·

173 4459 255 4509 quam
275 4442 417 4497 orationes
436 4444 526 4497 nostri
543 4444 654 4508 quidem
672 4445 800 4511 graecir
885 4448 919 4497 25
938 4445 1036 4514 etiam]
1056 4460 1154 4509 namp
1236 4445 1262 4496 si
1281 4445 1373 4499 eadam

173 4514 267 4563 omnia
284 4514 309 4563 ri
327 4515 415 4566 isdem
432 4516 495 4578 Dpr
513 4513 537 4562 si
556 4514 653 4564 cadom
672 4515 697 4564 si
715 4514 802 4573 isdem
819 4514 847 4563 1
864 4515 889 4564 si
907 4514 1005 4567 eadem
1025 4515 1117 4566 omnia
1135 4512 1235 4564 iisdem
1251 4528 1270 4564 ι
1322 4530 1374 4567 oru-

50 4584 54 4590 “
170 4581 256 4633 mbas
273 4583 370 4634 statim
387 4584 410 4631 D
453 4606 456 4611 <
479 4583 513 4634 26
531 4583 639 4633 inseras
656 4583 727 4647 ηις
746 4583 852 4634 inieras
868 4584 931 4635 llru
983 4587 1138 4636 commutas
1154 4583 1177 4631 ll
1193 4584 1374 4637 committere

1442 3094 1445 3129 ι

173 3828 624 3894 Ineautsiquiputquidr
693 3829 868 3880 loncestre
891 3829 1033 3895 fagiel·
1053 3833 1085 3879 ut
1107 3829 1252 3880 ourtcfu
1283 3834 1378 3895 tput
1441 3726 1450 4159 ἰ

1403 4202 1407 4209 ,
1443 4168 1448 4193 ι

1439 4216 1447 4411 ἰ
