2934 4966
150 266 214 333 216
583 284 598 312 -·
674 219 705 330 c
729 280 827 330 auur
864 218 875 239 θ
911 306 916 312 -

150 443 314 522 tamquam
342 434 406 500 illis
436 436 587 521 vixerim,
620 435 737 520 pudet!
763 457 837 522 non
870 435 982 501 dubito
1010 434 1160 503 similiter
1186 434 1284 503 adfici
1314 438 1357 500 te.

149 540 216 607 scio
243 560 338 623 quam
367 537 411 635 sit
436 537 497 602 tibi
520 560 614 603 verus
643 541 677 603 et
701 537 864 624 ingennus
886 536 1029 603 animus:
1057 537 1129 604 ideo
1155 536 1287 621 facilius
1309 539 1360 602 est

149 644 187 707 ut
214 661 281 723 me,
310 660 504 724 quamquam
532 639 809 726 indignationem·
830 638 1022 725 quibusdam
1048 639 1085 704 in
1111 639 1191 706 locis
1220 641 1360 706 fortasse

149 742 235 809 ultra
263 740 421 827 epistulae
449 741 578 807 modum
604 741 792 826 extulerim,
825 763 941 826 parum
969 739 1108 807 doluisse
1136 763 1234 827 quam
1262 741 1360 807 nimis
1466 791 1467 802 ,

151 844 273 911 credas.
312 842 394 909 vale.
1050 904 1052 909 Α
1373 863 1385 905 1

715 1012 789 1080 vn.
1056 1012 1059 1017 ·
1376 952 1467 1065 l

384 1169 401 1202 „
504 1135 535 1186 c.
555 1136 704 1190 ramnus
727 1135 865 1189 ruciro
884 1136 957 1191 suo
975 1136 1002 1191 s,

54 1268 75 1334 J
126 1261 141 1323 l
234 1257 347 1341 Neque
369 1259 406 1318 ut
432 1245 590 1340 magistro
612 1251 770 1337 magister
796 1261 901 1339 neque
928 1257 966 1318 ut
993 1252 1152 1339 discipulo
1181 1253 1370 1340 discipulus
1446 1260 1449 1267 '

151 1361 211 1443 (sic
234 1360 322 1424 enim
343 1358 495 1442 scribis),
510 1357 566 1422 sed
587 1359 625 1422 ut
646 1355 804 1441 discipulo
826 1359 985 1443 magister
1005 1356 1099 1442 (nam
1125 1360 1163 1421 tn
1179 1348 1360 1442 magister,
1466 1389 1467 1397 1

151 1482 212 1548 ego
234 1464 364 1543 coutra;
395 1464 492 1544 atque
514 1460 593 1524 adeo
623 1461 660 1523 tu
691 1458 727 1524 in
749 1457 894 1525 scholam
915 1480 1064 1545 revocas,
1091 1479 1154 1544 ego
1175 1457 1282 1525 adhuc
1304 1458 1361 1526 sa
1376 1478 1397 1515 ¹⁰
1466 1475 1467 1480 ’

122 1562 296 1629 2turualia
318 1562 469 1643 extendo)
493 1560 612 1626 librum
627 1561 755 1627 misisti.
789 1584 867 1647 num
888 1561 981 1648 potui
1002 1560 1132 1647 longius
1154 1559 1361 1646 hyperbaton
1442 1578 1467 1603 ¹

150 1665 260 1730 facere
283 1667 379 1750 atque
401 1664 463 1729 hoe
484 1665 556 1749 ipso
571 1664 708 1749 probare
730 1687 804 1731 eum
825 1686 896 1731 esse
916 1687 987 1750 me,
1010 1663 1154 1750 quinon
1175 1662 1271 1729 modo
1293 1686 1361 1730 ma-
1444 1681 1467 1703 ·’

152 1768 255 1854 gistm
278 1771 351 1832 tuus
374 1766 430 1831 sed
445 1759 487 1831 ne
509 1767 685 1852 discipulus
700 1766 828 1852 quidem
843 1767 977 1833 debeam
1000 1765 1088 1832 dici?
1109 1787 1234 1831 sumam
1248 1769 1361 1833 tamea

151 1891 324 1955 personam
346 1868 496 1955 magistri
518 1891 725 1954 exseramque
746 1870 783 1935 iu
804 1869 924 1935 librum
944 1872 1037 1934 tuum
1056 1868 1108 1935 ius
1128 1868 1213 1954 quod
1242 1868 1361 1935 dedisti
1445 1888 1448 1921 2

91 2055 93 2059 ¹
142 1994 190 2062 ,eo
211 1971 354 2054 liberius,
378 1970 461 2056 quod
476 1970 558 2036 nihil
583 1994 621 2037 ex
635 1972 716 2037 meis
738 1973 869 2038 interim
883 1971 1040 2038 missurus
1054 1992 1127 2041 sum
1148 1970 1221 2056 tibi,
1243 1971 1282 2037 in
1296 1993 1361 2057 qno
1375 1990 1397 2032 u
1424 2013 1426 2018 -
1445 1984 1448 1995 ·

80 2093 84 2098 ·
150 2077 186 2140 te
207 2073 386 2140 ulciscaris.
420 2073 516 2139 vales
616 2127 617 2130 ,
698 2072 701 2078 ’

1443 2136 1448 2181 t

494 2295 499 2305 .
707 2243 799 2312 1111.
1444 2224 1447 2239 “

418 2359 421 2364 ’
504 2366 535 2419 c.
548 2367 698 2419 PLINIUS
712 2367 867 2421 ROMANO
886 2367 957 2420 SUO
976 2369 1005 2419 11.

125 2488 140 2551 1
237 2483 399 2549 Vidistine
427 2483 600 2569 aliquando
630 2483 786 2551 Clitumni
808 2483 958 2550 fontem?
985 2484 1014 2549 si
1042 2483 1188 2549 nondum
1211 2487 1260 2570 (et
1281 2489 1362 2571 puto

152 2587 312 2672 nondun1;
334 2585 453 2672 alioqui
475 2608 641 2651 narrasses
662 2586 775 2672 mihi),
798 2588 887 2670 vide,
910 2609 1005 2672 quem
1027 2607 1089 2672 ego
1111 2586 1274 2672 (paenitet
1294 2591 1397 2653 tar-²⁰

124 2689 279 2775 2ditatis)
302 2690 447 2774 proxime
470 2688 545 2758 vidi.
580 2689 723 2753 modicus
745 2688 836 2754 collis
864 2689 1012 2774 adsurgit
1044 2687 1180 2773 antiqua
1208 2710 1360 2774 cupresso
1442 2674 1445 2747 l

154 2813 338 2857 nemorosus
362 2793 551 2875 etopacus:
570 2790 677 2855 ‘hune
699 2791 811 2856 subter
832 2791 899 2856 exit
925 2790 999 2854 fons
1022 2793 1055 2855 et
1077 2790 1269 2877 exprimitur
1291 2791 1360 2877 pln-

154 2894 243 2969 ribus
271 2895 377 2978 venia,
411 2894 466 2957 sed
494 2893 680 2978 inparibus,
714 2894 935 2978 eluctatusque
962 2914 1058 2978 quem
1084 2893 1167 2959 facit
1193 2881 1360 2980 gurgitem

154 2997 220 3062 lato
242 2997 364 3083 gremio
386 2995 525 3080 patescit
547 3018 646 3080 purus
668 2999 702 3059 et
724 2995 863 3076 vitreus,
887 2985 923 3060 ut
941 3017 1111 3061 numerare
1131 2997 1239 3061 iactas
1259 2999 1360 3081 stipes

48 3178 50 3182 Α
123 3099 188 3165 eet
208 3098 380 3164 relucentis
404 3097 543 3163 calculos
566 3097 679 3182 possis.
712 3097 788 3162 inde
810 3119 878 3162 nou
899 3097 962 3162 loci
984 3098 1180 3183 devexitate,
1208 3098 1266 3163 sed
1288 3098 1395 3183 ipsasa

132 3201 206 3284 ,sui
229 3201 321 3286 copia
349 3206 382 3264 et
409 3202 501 3284 quami
529 3200 669 3296 pondere
691 3200 870 3286 inpellitur.
902 3201 976 3264 fons
1004 3200 1109 3265 adhuc
1137 3207 1172 3266 et
1198 3199 1265 3265 iarn
1293 3223 1359 3265 am·

155 3302 335 3388 plissinium
357 3302 477 3367 flumen
500 3307 596 3388 atque
618 3302 716 3367 etiam
731 3303 863 3367 navium
886 3303 1024 3386 patiens,
1047 3296 1126 3388 quas
1148 3303 1260 3368 obvias
1282 3324 1359 3390 quo·

155 3427 217 3491 que
240 3408 274 3469 et
296 3405 458 3470 contrario
473 3406 546 3471 nisu
567 3405 603 3470 in
618 3405 744 3470 diversa
766 3404 937 3470 tendentes
960 3405 1155 3471 transmittit
1169 3409 1202 3471 et
1224 3407 1359 3491 perfert,

224 3734 350 3787 ladfeci
367 3735 395 3784 H
463 3737 580 3787 21111111
597 3734 745 3784 Beroaldus
762 3734 844 3784 uiuus
862 3735 930 3782 Mra
982 3732 1100 3800 ideoque
1118 3750 1135 3785 a
1195 3735 1360 3803 3111111311-

154 3804 258 3854 tionem
276 3815 316 3859 §a
334 3803 527 3868 indignatione
546 3805 591 3851 Er
659 3799 789 3867 aquam]
811 3801 881 3867 quod
899 3805 931 3850 r·
1001 3801 1223 3869 beredsturr¹

222 3907 275 3959 v11
293 3909 309 3959 9
327 3922 391 3956 nam
408 3911 440 3955 tu
458 3906 656 3972 magistatem.
675 3905 733 3966 111,
752 3906 814 3956 add.
833 3919 850 3953 a
903 3907 935 3955 10
953 3903 1044 3970 adque
1065 3908 1094 3955 H
1147 3909 1178 3958 11
1198 3904 1365 3985 extento)

221 3991 286 4026 num
304 3975 425 4042 potuim
444 3989 498 4024 non
516 3974 646 4039 potuine
715 3976 747 4023 12
765 3973 855 4038 adque
873 3975 901 4020 Ι
970 3989 1013 4024 me
1032 3991 1079 4030 om.
1098 3990 1115 4025 a
1186 3975 1266 4034 modo
1279 3982 1362 4040 pm

39 4068 41 4072 .
141 4062 169 4157 7
223 4046 256 4096 13
273 4049 367 4095 tamen
385 4056 467 4094 om.a
536 4044 568 4093 14
587 4040 669 4108 qnod]
689 4047 785 4106 quoa„
849 4043 880 4092 15
899 4042 1017 4094 miserus
1035 4045 1063 4093 n
1150 4125 1154 4131 ι
1197 4036 1284 4135 A,

222 4163 291 4216 VIII
310 4167 341 4216 19
360 4162 524 4214 clitumnum
542 4162 648 4213 fontem
667 4164 736 4211 Mra
804 4164 837 4211 211
856 4176 986 4214 narrasse
1004 4162 1039 4212 r*
1110 4123 1174 4214 vidis
1192 4179 1241 4215 om.
1260 4093 1309 4211 ll

154 4233 187 4281 21
205 4248 337 4299 cupressu
355 4246 390 4280 rs
458 4233 490 4279 22
510 4230 573 4280 fons
592 4232 650 4281 crit
668 4246 684 4279 a
752 4234 786 4281 23
810 4229 1004 4297 eluctatusque
1022 4258 1056 4269 -
1073 4231 1234 4298 patescit!
1252 4229 1360 4280 elucta-
1392 4239 1394 4242 ·

155 4304 200 4350 tus
217 4317 298 4366 quem
317 4301 388 4352 facit
405 4299 541 4366 gurgitem
559 4299 617 4350 lato
637 4301 741 4366 gremio
761 4299 905 4365 patefacto
923 4315 936 4348 r
960 4301 1155 4366 eluctatusque
1175 4299 1245 4349 iac-it
1264 4301 1363 4365 gurgi-

155 4373 210 4417 tem
229 4370 275 4434 qui
293 4368 350 4421 lato
370 4370 474 4434 gremio
493 4369 615 4433 patescit
633 4384 651 4417 a
718 4370 752 4419 24
770 4365 866 4434 purus]
887 4384 970 4434 parus
987 4372 1015 4418 11
1101 4371 1134 4419 27
1152 4367 1244 4431 adque
1262 4369 1291 4416 Ι

156 4450 226 4502 quas
244 4438 342 4489 obvias
362 4453 469 4504 qnoque
487 4439 599 4499 -227,
619 4440 651 4488 10
678 4430 863 4503 amplissimos
889 4437 984 4489 hortos
1011 4451 1090 4489 om.r
1116 4451 1166 4486 non
1189 4436 1307 4489 indicata
1325 4439 1362 4487 lo·

155 4519 235 4621 3111111
262 4508 375 4557 nauium
402 4508 514 4572 patiens
541 4505 586 4556 hic
612 4506 725 4557 mutilus
753 4504 853 4555 Codex.
883 4506 979 4557 ecdem
1005 4520 1059 4572 quo
1087 4507 1195 4555 emerat
1217 4502 1362 4573 (227,10)

179 4576 303 4625 noaldus
