2934 4966
183 273 225 337 28
659 360 661 364 ι
710 288 866 339 uranu
923 340 927 345 ,

131 444 175 510 20
183 444 324 531 optimus
345 447 457 513 tamen
477 446 590 512 modus
612 448 672 511 eat.
703 444 776 531 quis
797 444 924 532 negat?
944 444 1002 511 sed
1021 466 1089 511 non
1110 445 1219 512 minus
1239 463 1310 510 non
1323 463 1390 508 ser·

176 551 239 613 ,vat
259 548 390 615 madum
412 549 468 635 qui
488 549 576 616 infra
596 571 778 635 remquam
799 548 854 634 qui
875 567 988 634 supra,
1011 549 1069 634 qui
1083 544 1270 614 adstrictius
1291 539 1390 632 quam

131 650 172 716 21
183 650 238 735 qui
260 650 390 717 effusius
412 651 502 718 dicit.
531 651 643 738 itaque
665 651 756 716 audis
776 651 965 738 frequenter
985 653 1023 717 ut
1043 650 1125 717 illud
1147 649 1334 741 ‘immodice
1356 651 1392 713 et

183 753 437 839 redundanter’,
463 755 511 819 ita
532 755 595 820 hoc
622 753 746 819 ‘ieiune
769 756 802 821 et
822 754 978 820 infirme'.
1013 753 1098 820 alius
1124 752 1300 820 excessisse
1321 773 1390 817 ma-

182 856 316 943 teriam,
339 855 422 922 aliua
445 857 565 923 dieitur
585 877 652 922 non
666 855 820 942 inplesse.
851 878 952 943 aeque
965 859 1118 943 uterque,
1141 855 1198 921 sed
1218 854 1275 921 ille
1295 854 1436 933 inber,

184 957 336 1044 cillitate,
366 959 421 1026 hic
453 959 577 1025 viribus
609 961 739 1045 peccat3
753 1010 756 1015 .
772 959 858 1045 quod
890 963 992 1045 oerte,
1024 960 1087 1025 etsi
1111 970 1181 1025 uon
1207 957 1389 1043 limatioris,

102 1088 104 1092 ⁸
131 1061 314 1129 22maioris
341 1065 452 1128 tamen
478 1062 604 1149 ingenii
634 1062 746 1128 ritum
766 1065 834 1128 eet.
878 1083 941 1129 neo
970 1082 1063 1147 sero,
1089 1082 1173 1131 :cum
1197 1058 1280 1128 baec
1304 1053 1402 1146 dico,
1429 1077 1434 1084 ·

183 1163 276 1230 illum
296 1163 505 1231 Homericum
527 1166 711 1247 ἀμετροεπῆ
733 1165 851 1252 probo,
874 1163 1098 1248 sed·Buuc‚··
1146 1201 1150 1207 ·
1180 1193 1181 1196 ¹
1268 1167 1283 1194 ³

187 1355 189 1360 λ
375 1269 441 1357 ,καὶ
460 1269 542 1347 ἔπεα
562 1271 749 1352 timebatur
771 1269 901 1336 ἐοικότα
920 1259 1125 1355 χειμερίῃιινῐ
1150 1346 1153 1351 .
1221 1309 1223 1314 π
1248 1349 1261 1358 „
1386 1267 1389 1273 ’

183 1392 250 1435 non
272 1369 348 1455 quia
369 1391 437 1436 non
458 1373 492 1436 et
513 1369 568 1436 ille
590 1370 670 1436 mibi
691 1369 890 1437 validissime
910 1369 1057 1457 placeat,
1236 1401 1270 1445 ῃ
1325 1429 1328 1433 .
1401 1380 1466 1437 ωζ

387 1478 498 1555 παῦρα
519 1475 592 1559 μέν,
614 1474 700 1542 otte
721 1476 808 1556 μάλα
829 1477 962 1554 λιγέως·
1029 1478 1066 1529 ’Ἃ
1120 1480 1124 1485 ’
1223 1468 1224 1472 “
1258 1509 1261 1515 ·

184 1575 212 1640 si
233 1578 345 1641 tamen
366 1575 461 1641 detur
481 1575 613 1663 electio,
639 1575 732 1642 illam
759 1577 941 1643 orationem
968 1576 1109 1643 similem
1128 1575 1260 1655 uiribus
1280 1574 1388 1643 biber

183 1677 256 1763 nis,
278 1677 312 1743 id
334 1680 385 1744 est
407 1677 552 1744 crebram
579 1681 613 1745 et
635 1677 802 1745 adsiduam
823 1682 857 1744 et
877 1679 1023 1767 largam,
1051 1682 1216 1766 poabemo
1244 1678 1390 1769 divinam

132 1779 175 1845 23
184 1783 218 1847 et
239 1779 426 1864 caelestem,
448 1780 533 1846 solo.
570 1782 605 1846 at
624 1783 676 1847 est
696 1781 822 1869 gratim
842 1782 953 1848 multis
974 1782 1062 1849 actio
1082 1782 1200 1858 brevis.
1236 1785 1303 1867 est,
1322 1781 1390 1868 'aad
1456 1787 1460 1793 '

183 1881 360 1967 inertibus,
383 1902 517 1968 quorum
537 1882 669 1949 delicias
691 1882 911 1971 desidiamque
938 1878 1031 1971 quasi
1050 1884 1207 1952 iudicium
1226 1885 1389 1972 respicere
1401 1897 1431 1938 ¹⁶

21 2062 27 2075 ¹
153 2040 158 2047 .
184 1983 362 2052 fidiculam·
376 1989 437 2052 est.
466 2009 544 2052 nam
566 1986 594 2051 si
616 1985 676 2052 hos
696 1987 733 2052 in
754 1986 895 2070 oonsilio,
911 1986 1049 2073 babeas,
1072 2008 1139 2055 nou
1161 1987 1266 2054 solum
1286 1987 1389 2053 satius

132 2088 234 2155 idest
254 2088 397 2154 breviter
417 2088 539 2173 dicere,
564 2088 620 2154 sed
642 2089 776 2171 omnino
790 2111 858 2155 non
872 2089 991 2158 dicere
1020 2089 1113 2158 baeu
1124 2092 1175 2157 est
1188 2088 1295 2157 adbuc
1314 2112 1392 2180 senff
1418 2129 1425 2139 ·
1449 2160 1451 2162 ,

183 2192 288 2258 tentia
310 2213 399 2276 mea,
424 2213 521 2277 quam
541 2191 691 2277 mutabo,
713 2192 742 2257 si
764 2192 954 2263 ducenum
975 2195 1038 2279 tu3-
1050 2192 1108 2261 sed
1125 2190 1304 2278 plausere
1325 2192 1392 2259 disj-

183 2294 306 2362 sentiae
328 2295 469 2381 explices
489 2316 580 2383 rugo.
616 2296 764 2381 quamuis
789 2295 878 2362 enim
905 2295 1018 2362 eadere
1045 2295 1232 2367 annuenti
1252 2295 1394 2379 debeam

73 2411 75 2415 ’
184 2401 276 2482 tuae,
299 2397 419 2464 rectius
440 2401 552 2464 tamen
568 2398 708 2463 arbitror
728 2398 764 2464 iu
778 2401 872 2464 tantu
893 2419 929 2464 re
942 2397 1070 2465 ratione
1083 2393 1181 2485 quam
1194 2399 1451 2465 auctoritate&

133 2498 175 2565 25
184 2501 340 2587 superari.
383 2500 519 2586 proinde
547 2500 576 2567 ai
602 2521 671 2569 uon
700 2501 954 2586 enatavimus,
979 2501 1016 2568 id
1042 2502 1150 2591 ipsum
1165 2486 1275 2588 quam
1300 2499 1392 2569 soles

184 2604 275 2670 brevi
304 2602 459 2690 epistula,
491 2604 548 2669 sed
578 2607 690 2670 tamen
722 2602 828 2670 scribe
860 2603 1081 2691 (confirmabis
1113 2604 1203 2671 euim
1229 2603 1392 2671 ¹iudicium

184 2706 321 2793 meum)3
343 2705 372 2771 si
394 2727 516 2790 errare,
539 2706 764 2793 longissimam
785 2728 876 2793 para,
910 2717 989 2772 num
1011 2706 1210 2793 eorrupite,
1237 2706 1390 2792 quiriti,

76 2872 80 2880 .
184 2810 214 2876 si
236 2809 316 2874 mihi
338 2809 524 2895 accederes,
552 2809 659 2875 brevis
685 2809 846 2896 epistulae
867 2809 1110 2894 neemsitutem,
1138 2809 1167 2876 si
1189 2809 1391 2896 dissentires,

123 2919 125 2923 '
183 2911 394 3000 longissimae
415 2911 568 2998 inposui?
588 2911 672 2977 vale.
1019 2928 1022 2933 ·
1139 2903 1163 2922 ”
1266 2917 1271 2924 “
1405 2928 1435 2970 2³

253 3207 337 3271 equi
355 3222 440 3275 supra
457 3222 516 3258 rem
534 3220 617 3271 quam
636 3206 684 3272 qni
700 3206 807 3258 infrsr
880 3222 962 3274 quam
981 3221 1066 3273 supra
1081 3209 1106 3258 Β
1172 3205 1395 3259 tretuudauter

184 3278 213 3326 Ι
282 3275 347 3327 aliis
367 3276 555 3338 excessisaep
624 3277 713 3326 buon
730 3275 884 3341 inpleuiese
903 3275 1037 3326 dieiturr
1103 3276 1193 3339 tque
1210 3278 1288 3325 certe
1305 3289 1323 3324 a

186 3349 215 3397 et
233 3344 293 3395 siue
311 3344 491 3395 limatiorisr
541 3343 646 3395 Siliud
664 3343 834 3395 homericum
854 3359 1012 3410 auespoane
1030 3343 1135 3409 aprobo
1148 3344 1175 3392 ,Β
1210 3339 1393 3410 Δἀιιετριιειιῆ
1421 3363 1427 3373 ·

186 3425 225 3470 ει
242 3409 466 3466 ΑΜΛΡΤΟΕΠΗ
486 3413 553 3462 div:
577 3414 655 3463 litura
672 3421 711 3463 eat
729 3415 756 3463 ιἰι
772 3414 808 3463 1:
832 3414 908 3466 Hom.
928 3413 963 3465 Il.
982 3409 1064 3465 3212
1151 3410 1233 3463 11καί
1249 3437 1284 3448 -
1301 3425 1394 3474 χειμε-

185 3480 277 3549 ρίῃειν
295 3492 312 3538 ς
329 3487 355 3532 et
373 3483 399 3531 in
416 3483 495 3532 litura
512 3484 547 3532 ui.
565 3497 631 3532 maa.
647 3481 781 3601 IrNHom
798 3482 832 3533 ΙΙ.
853 3480 871 3535 Γ
889 3483 942 3532 2-22
1012 3477 1196 3544 νιφάδεανΒ
1264 3476 1415 3535 cottia·

185 3620 214 3668 Ι
230 3615 396 3674 torcios
421 3665 434 3690 Ι
482 3614 754 3672 ΧΕΙΜΕΡΙΗΕΙΝΟΝ
774 3619 841 3686 quia
858 3619 887 3667 Ι
908 3613 1085 3681 χειμερίοιειν
1106 3631 1161 3667 non
1184 3617 1251 3683 quia
1268 3630 1395 3680 ικχειμε-

185 3683 302 3755 ρίνοιειν
319 3686 460 3752 nunquia
479 3687 713 3738 Gutunacuaruon
733 3692 823 3751 priore
841 3691 897 3738 loco
915 3701 996 3740 oum
1060 3687 1093 3736 10
1109 3684 1272 3736 uaidisaime
1289 3701 1307 3736 a
1360 3689 1393 3736 11
1432 3703 1437 3708 ’

186 3758 283 3822 παῦρα
294 3782 328 3793 -
340 3753 443 3818 λιγέως
460 3756 553 3811 abac
599 3753 887 3823 ΛΛδΛΜΑδΑΛΙΤω(
899 3755 927 3805 Ι
939 3751 1247 3807 ΛΛΔΑΜΑΔΑΛΙΤω(
1258 3755 1295 3804 V:
1315 3754 1395 3807 Hom.

186 3826 221 3877 Il.
241 3824 321 3878 sm
374 3826 406 3874 12
424 3823 502 3874 illam
521 3826 674 3875 orationem
691 3827 772 3876 lia
788 3825 866 3876 illum
883 3823 962 3875 illam
981 3823 1135 3873 orationem
1153 3824 1174 3872 Β
1191 3822 1271 3873 iliam
1287 3821 1395 3886 (tamen

186 3896 248 3945 udd.
267 3891 296 3958 p)
315 3892 426 3960 plenam
445 3894 597 3944 orationem
613 3895 677 3957 Dpr
758 3898 790 3945 13
809 3893 935 3945 crebram
954 3891 1098 3943 assiduam
1113 3893 1179 3955 ψ’
1247 3888 1437 3942 adsiduam*
1461 3896 1464 3901 ⁴

186 3962 236 4014 sed
255 3969 285 4013 et
301 3961 409 4028 largam
426 3961 482 4011 tv
536 3964 568 4012 14
586 3958 628 4029 at]
650 3962 686 4013 ad
702 3964 758 4012 IV
812 3959 1163 4012 estsedlvritr'aeurd.
1182 3975 1200 4010 a
1219 3958 1394 4024 estquidam

186 4031 321 4095 sedilps
339 4029 465 4094 equidem
484 4029 565 4080 sedi·
648 4033 679 4082 15
697 4027 790 4098 quasi]
812 4044 925 4096 quamn
1010 4029 1182 4095 respuere!
1253 4028 1284 4078 lt
1302 4028 1395 4078 satius

188 4100 312 4151 breuiter
327 4099 383 4148 IV
454 4099 486 4149 18
505 4093 565 4163 cur]
587 4099 653 4162 quid
671 4101 692 4149 Β
712 4114 805 4150 cumr
885 4100 917 4148 19
937 4098 1107 4149 animarer
1175 4094 1276 4146 cedere
1295 4100 1395 4149 aricio·

188 4168 266 4218 ritati
282 4167 400 4220 debeam
420 4172 486 4217 tuae
504 4168 583 4221 Ὴς
610 4167 709 4219 cedere
728 4167 891 4219 auctoritati
909 4174 974 4219 tuae
993 4166 1111 4218 debeam
1127 4168 1174 4217 ra
1191 4163 1306 4215 credere
1326 4168 1393 4216 tuae

187 4237 353 4287 auctoritati
372 4236 547 4299 (auctoritati
566 4238 632 4286 tuae
650 4248 674 4297 r}
694 4236 811 4287 debeam
823 4249 858 4298 pr
874 4237 1038 4287 auctoritati
1057 4241 1123 4286 tuae
1143 4233 1258 4284 credere
1275 4232 1394 4284 debeam

186 4307 209 4355 Β
279 4306 313 4355 20
330 4321 361 4356 re
379 4320 459 4358 om.r
539 4307 572 4354 22
591 4305 640 4355 sed
659 4312 755 4356 tamen
773 4322 819 4358 om.
838 4305 880 4366 Ἑρ
966 4303 1131 4354 scriberet
1218 4300 1395 4353 confirmabis

187 4373 243 4422 Π
261 4372 381 4424 Riecard.
401 4387 417 4429 ς
437 4372 645 4425 confirmaueris
661 4375 723 4437 rpr
740 4371 912 4424 confirmaris
929 4388 947 4422 a
970 4371 1102 4423 confirma
1119 4372 1141 4422 Β
1244 4371 1278 4420 ‘23
1297 4385 1393 4426 errare

186 4442 266 4496 Ivs
284 4457 379 4492 erraro
395 4445 417 4492 Β
437 4443 603 4493 erraueroF
623 4442 742 4499 uocare.
762 4456 820 4507 pra
888 4455 951 4491 uum
964 4441 1076 4506 corrupi
1091 4439 1199 4489 1er
1218 4438 1340 4488 liiccord.
1354 4449 1396 4494 sa

95 4585 98 4589 y
187 4524 241 4629 pou
261 4512 409 4628 corrppip
435 4526 489 4562 neu
516 4511 628 4577 corrupi
645 4526 660 4561 r
680 4527 746 4563 nam
769 4510 881 4576 corrupi
903 4509 1046 4560 Sictardua
1150 4509 1184 4557 et
1211 4503 1393 4577 dissentires]

206 4594 304 4630 raseris
