2934 4966
312 319 329 392 j
388 395 391 402 ¹
424 353 426 355 .
465 325 713 377 urrsrmaama
728 313 1084 399 v111314.(aros.1oa),
1303 301 1373 369 221

157 485 243 551 rium
270 504 380 569 rema,
409 486 571 568 postremo
593 481 813 548 obliviscenda
832 479 1058 565 magis'quam
1084 474 1237 542 tenenda.
1270 472 1399 541 iidem8

114 573 119 581 ⁸
157 586 383 673 prospeximus
411 586 549 671 curiam,
573 585 639 652 sed
669 584 792 651 cunam
823 581 984 675 trepidam
1017 583 1051 646 et
1080 580 1261 666 elinguem„
1295 599 1368 644 oum

158 689 267 756 dicere
288 688 373 775 quod
395 689 493 756 velles
508 689 734 777 periculosum,
758 683 968 774 quod'nollee
990 683 1143 749 miserum
1166 685 1260 748 esset.
1291 681 1370 767 quid
1412 749 1414 752 ,

123 813 128 821 ·
157 797 239 858 tunc
260 791 341 859 disci
355 794 479 879 potuit,
502 793 578 879 quid
594 791 744 859 didicisse
765 790 862 872 iuvit,
887 809 960 853 cum
977 789 1110 852 senatus
1125 787 1183 850 aut
1204 782 1246 849 ad
1267 783 1370 849 otium

113 888 144 952 '⁶
158 916 321 960 summum
343 899 401 961 aut
417 895 459 962 ad
480 918 642 961 summum
657 893 749 961 nefas
771 893 942 958 vocaretur
958 893 990 955 et
1006 888 1100 954 modo
1121 886 1260 953 ludibrio
1274 884 1369 951 modo

157 997 262 1063 dolori
288 1000 435 1064 retentus
463 1019 638 1084 numquam
665 987 765 1079 seria,
795 992 905 1059 tristia
934 1012 1031 1076 saepe
1060 988 1232 1056 censeret?
1257 986 1400 1056 eademi)

158 1099 247 1166 mala
268 1100 334 1166 iam
362 1105 543 1186 senatores,
564 1103 636 1170 iam
663 1098 838 1186 participes
861 1096 1019 1162 malorum
1040 1094 1160 1162 multos
1186 1116 1245 1180 per
1267 1114 1370 1158 anuos

159 1202 300 1269 vidimus
321 1202 531 1291 tulimusque,
559 1202 676 1290 'quibus
698 1200 832 1288 ingenia
853 1202 967 1265 nostra
993 1199 1029 1264 in
1056 1199 1222 1284 posterum
1243 1191 1370 1283 quoque

105 1337 107 1341 ·
160 1305 315 1371 hebetata
334 1304 441 1372 fracta
464 1310 600 1378 contusa
622 1306 708 1370 suut.
732 1302 846 1376 ,breve
860 1296 989 1387 tempus
1012 1301 1103 1386 (na‘m
1125 1301 1220 1366 tauto
1241 1298 1370 1380 breuius
1381 1297 1422 1362 10

115 1425 146 1488 ¹9
160 1417 257 1475 omne
279 1413 400 1494 quanto
421 1409 549 1475 felicius
570 1407 729 1493 tempus),
753 1427 816 1492 quo
838 1405 919 1470 libet
941 1404 1024 1470 scire
1045 1402 1260 1489 quid-simus,
1289 1400 1371 1467 libet

161 1532 310 1578 exercme
332 1511 415 1598 quod
438 1511 567 1579 scimus.
605 1531 669 1597 quo
683 1509 799 1575 iustius
813 1512 900 1595 peto,
924 1507 1064 1593 primum
1079 1509 1116 1572 ut
1130 1506 1229 1572 errori
1236 1556 1246 1592 ,
1269 1503 1370 1592 siquis

161 1618 213 1680 est
226 1635 330 1700 error,
348 1613 479 1693 'tribuas
494 1614 639 1696 veniam,
663 1611 779 1677 deinde
793 1611 952 1677 medearis
967 1609 1106 1679 scientia
1119 1611 1193 1693 tua,
1217 1606 1269 1673 cui
1289 1628 1370 1672 sem-

161 1738 220 1802 per
233 1717 297 1782 fuit
320 1738 415 1784 curae
430 1717 477 1783 siu
490 1717 572 1781 iura-
584 1713 715 1801 publica
729 1717 767 1779 ut
780 1713 925 1799 privata,
950 1712 998 1778 sio
1012 1711 1148 1796 antiqua
1161 1713 1199 1776 ut
1212 1710 1368 1795 recentia,

161 1820 210 1885 sio
231 1841 306 1885 rara
326 1823 364 1886 ut
386 1819 516 1885 assidua
537 1820 688 1884 tractare.
722 1819 820 1902 atque
841 1836 903 1903 ego
919 1816 1059 1882 arbitror
1076 1813 1147 1891 ¹illis
1170 1813 1279 1899 etiam,
1303 1812 1421 1899 qui-ll

117 1920 222 1986 rebus
243 1921 456 2007 plurimarum
477 1942 584 1987 rerum
608 1919 747 2006 agitatio
769 1919 922 2004 frequens
944 1917 1028 1984 nihil
1050 1938 1121 1982 esse
1142 1916 1293 2004 ignotum
1314 1938 1371 2002 pa·

162 2022 321 2109 tiebatur,
338 2033 460 2110 (genus
488 2022 687 2110 quaestionis
717 2022 802 2108 quod
830 2021 941 2088 adfero
975 2021 1015 2086 ad
1044 2024 1078 2086 te
1107 2023 1168 2085 aut
1194 2041 1264 2085 non
1290 2019 1372 2085 satis
1424 2087 1436 2111 ,Ν

160 2124 291 2192 tritum:
304 2127 362 2191 aut
390 2127 487 2191 etiam
515 2126 720 2210 inexpertum
740 2124 852 2190 fuisse.
886 2124 948 2190 hoc
970 2127 1003 2189 et
1025 2145 1086 2209 ego
1116 2122 1314 2206 excusatior,
1344 2121 1373 2187 si

160 2227 249 2293 forte
263 2250 342 2295 sum,
356 2228 482 2315 lapsus,
507 2234 541 2294 et
554 2232 592 2294 tu
606 2228 736 2315 dignior
757 2227 851 2293 laude
858 2279 867 2312 ,
892 2229 920 2292 si
934 2231 1027 2313 potes
1049 2227 1082 2291 id
1097 2246 1224 2314 quoque
1246 2223 1371 2309 docere,

161 2328 248 2417 quod
269 2330 305 2396 in
327 2330 463 2399 obscuro
485 2333 535 2397 est
556 2352 599 2396 an
622 2330 781 2396 didiceris.
815 2328 1016 2395 referebatur
1037 2330 1077 2394 de
1104 2327 1230 2393 libertis
1252 2325 1371 2391 Afrani
1383 2324 1424 2389 12

122 2431 279 2498 eoDextri
301 2432 458 2517 eons'ulis,¹
482 2434 644 2507 incertum
666 2446 723 2497 sua
746 2446 789 2497 au
811 2436 941 2498 suorum
963 2438 1079 2515 manu,
1109 2429 1230 2496 scelere
1252 2452 1296 2496 an
1318 2429 1373 2495 ob-

163 2536 275 2621 sequio
296 2535 468 2627 perempti.
502 2534 561 2600 hos
577 2534 816 2622 alius·(‘quis?'
839 2535 963 2620 inquis:
987 2555 1064 2622 ego:
1087 2534 1143 2599 sed
1158 2531 1242 2598 nihil
1256 2532 1372 2620 refert)
1444 2567 1445 2570 ¹

163 2640 239 2723 post
259 2625 481 2722 quaestionem
502 2630 660 2722 supplicio
682 2623 883 2721 liberandos,
909 2637 991 2702 alius
1012 2637 1047 2701 iu
1069 2637 1210 2702 insulam
1225 2634 1373 2722 relegam

164 2740 238 2823 dos,
270 2739 352 2807 alius
374 2743 478 2807 morte
500 2739 681 2825 puniendos
704 2739 935 2805 arbitrabatur.
971 2761 1107 2824 quarum
1136 2740 1373 2804 sententiarum
1464 2784 1466 2788 ,

163 2845 259 2907 tanta
286 2841 457 2907 diversitas
485 2844 574 2926 erat,
602 2845 640 2907 ut
669 2863 736 2907 uon
763 2844 895 2928 possent
923 2863 992 2907 esse
1014 2841 1078 2906 nisi
1100 2842 1260 2928 singulae.
1295 2841 1372 2927 quid
1384 2835 1424 2901 13

125 2965 152 3006 as
165 2944 256 3010 enim>
276 2957 446 3012 commuue
467 2944 568 3010 habet
594 2944 740 3009 occidere
762 2948 795 3009 et
817 2943 987 3031 relegare?
1014 2965 1081 3009 non
1107 2943 1239 3010 hercule
1266 2943 1373 3030 magis

164 3068 261 3133 quam
290 3046 435 3133 relegare
464 3050 497 3112 et
525 3046 704 3119 absolvere:
737 3068 932 3133 quamquam
964 3047 1095 3133 propior
1127 3047 1295 3133 aliquanto
1324 3048 1374 3111 est

165 3139 347 3217 sententiae
367 3149 546 3236 relegentis
572 3157 654 3234 qu'ae
677 3148 830 3233 absolvit,
859 3171 957 3234 quam
979 3170 1061 3234 quae
1084 3148 1202 3214 occidit
1224 3152 1373 3236 (utraque

165 3252 255 3317 euim
276 3274 315 3318 ex
338 3251 403 3317 illis
425 3253 527 3317 vitam
549 3251 719 3335 relinquit,
743 3250 824 3317 haec
847 3251 986 3338 adimit),
1011 3274 1083 3317 eum
1104 3251 1237 3317 interim
1260 3255 1294 3316 et
1318 3252 1374 3336 qui

165 3359 269 3420 morte
291 3355 473 3440 puniebant
496 3358 529 3420 et
542 3355 613 3439 ‘qui'
626 3353 820 3438 relegabant
841 3377 907 3420 una
934 3354 1091 3421 sedebant
1117 3358 1156 3418 et·
1173 3354 1375 3440 ,temporaria

127 3457 373 3528 insimulatione
401 3456 591 3523 concordiae
620 3455 812 3520 discordiam
841 3457 1042 3523 differebant.
1081 3447 1155 3543 ego
1169 3455 1375 3541 postulabam
1385 3451 1426 3517 14
1453 3541 1457 3548 Ι

167 3563 208 3624 ut
224 3559 329 3625 tribus
350 3558 523 3625 sententiis
545 3561 709 3624 constaret
730 3555 809 3624 suus
832 3582 985 3626 numerus
1014 3582 1075 3626 nec
1096 3581 1139 3624 se*
1152 3558 1303 3625 brevibus
1325 3559 1375 3623 in·

124 3683 125 3686 ’
168 3660 266 3727 dutiis
288 3661 370 3728 duae
391 3648 577 3747 iungerent.
612 3659 789 3746 erigebamv
804 3684 882 3749 ergo
910 3666 947 3728 ut
978 3663 1033 3748 qui
1057 3661 1188 3746 capitali
1216 3660 1375 3748 supplicio

168 3757 364 3841 adficiendus
385 3763 547 3850 putabant
568 3762 770 3829 discederent
788 3787 808 3830 a
830 3766 998 3852 relegante
1027 3787 1087 3831 neo
1108 3763 1240 3830 interim
1262 3766 1394 3847 contra,

239 4007 377 4060 iidem!
429 4007 639 4057 econseretu
691 4007 723 4056 10
742 4005 807 4074 quo]
828 4010 897 4074 quod
917 4023 947 4062 a.
989 4011 1017 4059 11
1033 4023 1162 4060 exercere
1182 4007 1253 4075 quod
1272 4009 1374 4059 seimus

168 4077 395 4144 Reifferscheidius
406 4092 469 4125 mus.
481 4076 553 4124 rbea.
568 4077 660 4123 novbr.
679 4090 702 4125 u.
717 4076 774 4125 XV
784 4079 820 4137 (a.
836 4080 913 4138 1860)
923 4095 951 4142 p.
972 4081 1025 4128 636
1036 4092 1183 4128 excercere
1195 4077 1268 4142 quod
1280 4091 1374 4127 sumus

167 4148 218 4196 lia
287 4142 352 4212 qno]
371 4144 443 4209 quod
462 4157 479 4192 a
549 4139 646 4206 errori]
669 4145 769 4193 erroris
787 4160 827 4193 a.
874 4149 906 4196 12
925 4145 1056 4196 medianis
1073 4146 1113 4193 lis
1165 4147 1212 4196 cui
1235 4145 1375 4211 superfuit

167 4230 185 4265 a
256 4217 288 4266 13
307 4209 404 4277 curae]
425 4227 494 4262 aura
512 4212 540 4258 Μ
629 4212 661 4258 14
681 4210 771 4274 adque
788 4213 816 4258 ld
896 4217 927 4264 19
947 4230 982 4264 an
1001 4210 1146 4281 didiceris]
1166 4212 1329 4264 adridiceris
1347 4211 1374 4259 x

168 4281 337 4333 addidiceris
355 4282 527 4332 Marruurenus
615 4277 799 4329 Referebatur
815 4306 850 4317 -
868 4284 928 4344 222,
947 4284 963 4333 8
982 4284 1154 4332 censentium
1173 4283 1298 4332 Budaeus
1315 4284 1332 4334 1.
1350 4297 1373 4330 c.

112 4401 114 4405 ,
221 4346 269 4416 de]
290 4350 318 4400 di
336 4352 364 4398 Μ
421 4347 532 4399 Afranii
549 4362 567 4393 a
619 4350 650 4395 21
670 4346 751 4411 silius,
771 4350 853 4412 quis't
872 4350 980 4414 inquis:
999 4365 1050 4415 ego
1070 4350 1172 4400 Curtius
1190 4350 1264 4400 alius
1282 4348 1374 4413 inquis

167 4436 221 4483 ego
238 4422 266 4468 Μ
284 4419 358 4468 alius
376 4419 438 4482 quis
459 4432 511 4481 ogo
530 4430 546 4462 a
565 4413 666 4478 aliquis
686 4431 736 4480 ego
757 4416 878 4466 ltudueua
947 4420 980 4467 25
1000 4425 1028 4467 et
1046 4417 1173 4481 relegare
1192 4423 1221 4467 et
1239 4433 1293 4468 uon
1312 4432 1329 4467 a

168 4488 336 4550 religarell
404 4489 437 4537 26
457 4485 576 4546 religare
595 4485 621 4530 Μ
692 4483 868 4549 ‹pirataquainj
888 4501 971 4549 quarn
989 4488 1016 4534 u
1097 4489 1130 4537 ‘li
1149 4487 1291 4536 sententia
1309 4485 1380 4537 reli·⁴

105 4600 110 4612 ,
168 4556 291 4620 gatissll
357 4568 439 4619 ‘quae
459 4551 645 4616 iiiisulucrita
663 4568 735 4616 quae
754 4554 839 4614 soluit
857 4553 981 4603 Budaeus
1066 4557 1100 4605 28
1119 4553 1233 4619 reliquit
1253 4553 1375 4619 Budaeus
1416 4557 1425 4596 ⁴,

116 4692 129 4706 ‚
164 4619 497 4701 ,''³{,29'religabanl³1
566 4621 599 4670 32
619 4617 817 4690 agol-ego!
1339 4626 1341 4630 “
