2934 4966
122 303 125 307 ,
178 236 241 303 378
406 189 409 196 ¹
707 254 739 304 c.
760 254 879 337 annu

177 410 328 474 neutrum
356 407 580 475 simulationes
613 409 838 495 expresserint
885 407 1008 475 habent
1037 431 1099 491 ,sua
1132 411 1232 477 verba
1266 411 1413 497 miseri,

177 533 235 576 sua
257 512 356 577 verba
377 510 505 597 felices,
534 513 633 597 utque
654 512 720 577 iarn
742 512 880 579 maxime
903 512 1015 579 eadem
1038 512 1080 577 ab
1107 513 1257 599 utrisque
1280 512 1394 580 dican·

126 613 246 698 73tur,
269 613 364 680 aliter
386 612 547 680 dicuntur.
577 614 671 681 testis
692 614 763 701 ipse
786 636 836 702 es,
857 637 940 702 quae
960 614 997 682 in
1012 609 1227 683 omniumore
1250 617 1392 684 laetitia

177 736 244 781 non
266 717 403 782 amictus
426 716 593 802 cuiquam,
620 739 689 784 non
710 717 843 785 habitus
865 741 960 805 quem
982 717 1077 784 domo
1099 717 1277 785 extulerat.
1316 720 1394 786 inde

176 816 368 884 resultantia
395 819 527 886 vocibus
554 822 643 887 tecta
669 820 816 908 nihilque
835 822 938 888 tantis
966 821 1160 888 clamoribus
1187 822 1274 888 satis
1304 824 1414 890 clau-s

176 943 256 986 sum.
293 923 364 1007 quis
386 925 465 989 tune
486 944 554 988 non
577 923 747 1010 evestigio
770 945 827 989 suo
842 923 986 990 exiluit‘l'
1000 924 1073 1010 quis'
1093 922 1248 989 exiluisse
1264 926 1393 992 sensit?

176 1023 279 1089 multa
300 1024 435 1090 fecimus
457 1029 590 1111 sponte,
612 1027 706 1112 plura
728 1027 888 1093 instinctu
909 1026 1049 1113 quodam
1071 1029 1104 1092 et
1124 1026 1284 1113 imperio:
1313 1051 1393 1095 nam

176 1127 294 1212 gaudio
316 1149 443 1213 quoque
467 1128 604 1215 cogendi
632 1129 681 1194 vis
703 1129 800 1210 inest.
837 1152 916 1195 num
938 1139 1016 1216 ergo
1037 1129 1167 1194 modum
1189 1129 1222 1195 ei
1246 1132 1308 1195 tua
1331 1132 1392 1196 sal·

176 1232 244 1294 tem
266 1230 423 1296 modestia
444 1230 624 1316 imposuit?
654 1253 739 1316 non,
768 1234 892 1317 quanto
913 1231 1019 1318 magis
1041 1254 1061 1297 a
1081 1234 1116 1297 te
1136 1230 1392 1319 reprimebatur,

176 1332 377 1398 exarsimus?
397 1354 465 1399 non
487 1334 708 1418 contumacia,
733 1333 868 1419 Caesam
891 1334 947 1401 sed
969 1337 1007 1401 ut
1027 1334 1064 1400 in
1077 1338 1134 1400 tua
1147 1338 1319 1421 potestate
1341 1341 1421 1402 estu

34 1489 37 1493 .
129 1499 132 1504 ,
175 1456 220 1500 an
241 1433 457 1522 gaudeamus,
486 1435 534 1501 ita
561 1435 598 1501 in
625 1439 781 1522 quantum
809 1437 929 1504 necin
951 1440 1073 1504 nostra.
1111 1438 1338 1523 comprobasti
1360 1442 1391 1505 et
1424 1470 1426 1474 ·

175 1538 245 1624 ipse
267 1537 542 1612 adclamationum
557 1541 741 1605 nostrarum
755 1539 852 1606 iidem
867 1539 1075 1605 lacrimarum
1089 1542 1221 1606 tuarum
1238 1541 1388 1608 veritate.

174 1641 313 1720 vidimus
335 1644 538 1708 umescentes
560 1640 668 1708 oculos
690 1634 764 1708 tuos
778 1642 1015 1728 demissumque
1030 1642 1149 1729 gaudio
1163 1631 1296 1710 vultum
1318 1648 1389 1710 tan·

174 1745 306 1830 tumque
328 1743 499 1831 sanguinis
520 1745 555 1811 in
577 1755 647 1830 o‘re,
669 1745 884 1831 quantumin
907 1744 1016 1811 animo
1030 1744 1172 1830 pudoris.
1204 1751 1315 1833 atque¹
1329 1746 1388 1813 hoc

175 1847 280 1933 magis
301 1846 428 1914 incensi
450 1869 560 1914 sumus
581 1850 619 1913 ut
639 1869 845 1933 precaremur
872 1869 914 1912 ne
943 1846 1071 1932 quando
1098 1847 1160 1916 tibi
1180 1869 1252 1914 non
1270 1847 1416 1917 'eudemo

176 1971 274 2015 causa
295 1949 519 2035 lacrimarum,
549 1939 647 2036 utque
669 1971 846 2036 numquam
866 1949 1011 2015 frontem
1032 1953 1124 2015 tuam
1137 1975 1171 2016 ιι.
1194 1948 1257 2016 hoo
1281 1951 1386 2038 ipsum

174 2049 234 2117 has
263 2052 354 2118 sedes
382 2052 561 2138 nosquusi
583 2073 795 2138 responsurae
822 2052 1080 2138 interrogemus,
1109 2051 1299 2120 viderintne
1321 2077 1386 2120 um·

131 2191 136 2196 -
173 2176 271 2240 quam
297 2153 455 2242 principis
483 2154 648 2221 lacrimas:
682 2158 717 2220 at
744 2151 877 2221 senatus
905 2175 1001 2240 saepe
1029 2154 1190 2222 viderimt.
1240 2157 1387 2224 onerasti

173 2256 299 2323 futuros
320 2257 501 2344 principes,
525 2257 582 2323 sed
603 2261 636 2323 et
657 2260 803 2344 posteros
832 2260 971 2325 nostros.
1008 2279 1086 2324 nam
1108 2256 1199 2338 ethi
1222 2281 1242 2325 a
1264 2260 1385 2346 princi·

172 2359 268 2445 pibus
291 2359 358 2426 suis
381 2359 515 2447 exigent
536 2364 573 2426 ut
594 2359 707 2426 eadem
729 2359 840 2426 audire
854 2354 1057 2444 mereantur,
1081 2363 1115 2426 et
1135 2359 1185 2426 illi
1207 2362 1299 2448 quod
1320 2384 1415 2437 non„

123 2466 166 2532 74
175 2461 310 2528 audiant
343 2461 614 2550 indignabuntur.
645 2460 750 2528 *nihil
785 2461 893 2549 magis
930 2483 1061 2548 possum
1094 2462 1224 2549 proprie
1267 2464 1384 2550 dicere,
1417 2484 1427 2513 -·

63 2576 66 2580 “
173 2586 270 2651 quam
298 2565 383 2651 quod
411 2565 533 2631 dictum
562 2567 613 2630 est
641 2566 801 2631 acuncto
822 2568 954 2649 senatu,
985 2569 1016 2630 ‘o
1042 2566 1076 2629 te
1102 2563 1260 2632 felicem’.
1303 2568 1384 2654 quod

175 2689 247 2734 cum
274 2667 470 2752 diceremus,
503 2690 571 2733 non
600 2689 676 2753 opes
704 2669 794 2753 tuas,
829 2666 885 2732 sed
912 2666 1056 2732 animum
1084 2665 1299 2737 mirabamur.
1337 2675 1384 2737 est

174 2771 261 2837 enim
289 2770 417 2837 demum
444 2792 522 2836 vera
549 2769 689 2837 felicitas
718 2769 875 2836 felicitate
904 2770 1039 2856 dignum
1066 2769 1180 2836 videri.
1223 2772 1284 2839 sed
1314 2770 1380 2840 cum

172 2873 276 2940 multa
296 2874 353 2941 illo
375 2875 426 2941 die
448 2873 536 2940 dicta
558 2878 635 2940 sunt
657 2874 821 2960 sapienter
848 2875 881 2938 et
902 2873 1064 2959 graviter,
1092 2878 1162 2938 tum
1184 2874 1237 2940 vel
1260 2876 1298 2942 in
1319 2876 1411 2962 pri-e

172 2976 235 3041 mis
257 2976 364 3043 ‘crede
386 2976 499 3062 nobis,
524 2976 617 3043 crede
639 2976 725 3042 tibi'.
762 2997 883 3062 magna
904 2975 966 3041 hoc
980 2974 1099 3041 fiducia
1120 2976 1238 3062 nostri,
1262 2979 1381 3045 maiore

172 3080 283 3145 tamen
306 3079 354 3146 tui
377 3079 546 3146 diximus..
564 3078 647 3145 alius
669 3080 757 3145 enim
784 3079 921 3145 fortasse
949 3077 1065 3165 alium,
1093 3078 1200 3164 ipsum
1229 3102 1381 3148 sencino

172 3180 346 3266 deceperit.
383 3181 588 3268 introspiciat
615 3180 710 3247 modo
737 3180 837 3245 vitam
866 3201 962 3266 seque
992 3179 1069 3266 quid
1096 3185 1264 3248 mereatur
1284 3185 1380 3251 inter·

173 3286 276 3371 roget.
312 3285 448 3370 proinde
469 3284 570 3350 dabat
590 3284 723 3350 vocibus
745 3283 867 3349 nostris
887 3282 984 3348 iidem
1007 3284 1092 3369 apud
1108 3284 1271 3371 optimum
1291 3287 1379 3375 prin·

240 3664 413 3716 lmiseralt
517 3666 603 3716 isus
621 3664 709 3717 verba
723 3663 872 3729 posteriore
889 3666 945 3716 loco
963 3667 1048 3716 omb
1180 3670 1214 3717 nt
1232 3682 1307 3733 quae
1324 3669 1378 3720 iam

171 3733 288 3785 manime
306 3734 323 3783 b
342 3738 372 3785 et
389 3748 442 3800 quq
459 3733 516 3784 iam
534 3735 652 3784 maxime
672 3733 688 3796 β
705 3739 736 3783 ut
754 3747 836 3798 quam
854 3734 975 3783 maxime
996 3734 1120 3784 Gnaterus
1217 3735 1317 3787 eadem
1334 3754 1379 3788 oar.

170 3802 191 3851 1
294 3805 311 3854 3
329 3817 383 3869 quq
405 3801 436 3853 in
453 3802 574 3853 omnium
593 3819 639 3854 ore
657 3803 678 3851 B
703 3815 756 3866 que
774 3816 829 3851 non
847 3801 968 3852 omnium
987 3817 1034 3852 ore
1050 3804 1093 3852 Ac
1111 3819 1165 3868 quo
1183 3819 1240 3854 non
1259 3808 1379 3857 omnium

171 3871 254 3920 ored
305 3872 421 3936 squem
441 3871 520 3921 domo
538 3871 646 3936 Lipsius
665 3885 746 3935 quem
765 3870 843 3919 modo
862 3871 933 3919 sau
952 3886 1004 3936 que
1028 3871 1141 3922 modoo
1192 3870 1377 3942 texiluisse]

171 3953 204 3988 ex
222 3938 303 3990 siluis
321 3954 352 3991 se
370 3940 390 3988 B
410 3940 506 3990 esiluis
524 3941 589 3990 sed
683 3934 1027 4004 aquodam1queuams
1112 3941 1292 4007 tgaugendi
1310 3961 1378 3996 corr.

171 4007 329 4073 cogendiA
398 4011 414 4059 9
433 4024 487 4058 ιιοιι
506 4013 611 4073 quanto
630 4009 720 4074 magis
736 4009 794 4058 bed
812 4022 876 4056 uum
895 4013 1000 4073 quanto
1020 4009 1109 4075 magis
1126 4010 1171 4073 Δβ
1190 4025 1257 4060 ιιιιιιι
1275 4017 1378 4076 quanto

170 4076 295 4141 magias
364 4092 381 4126 a
401 4081 428 4127 te
446 4077 650 4143 reprimebatur
666 4102 701 4112 -
720 4075 810 4127 lOscd
828 4080 924 4127 utoni.
944 4078 978 4126 cd
1006 4083 1007 4086 ’
1032 4080 1062 4127 12
1081 4074 1191 4145 nostra]
1213 4083 1348 4131 uestrab

172 4146 203 4195 13
221 4144 422 4212 demissumque
440 4157 478 4202 ος
495 4146 691 4211 dimissumque
709 4144 781 4195 Anu
802 4146 1000 4211 remissumque
1019 4146 1125 4212 Lipsius
1243 4149 1276 4198 16
1297 4155 1378 4215 utque

170 4227 226 4262 non
244 4230 384 4280 nunquam
404 4215 523 4265 frontem
551 4220 625 4265 tuam
649 4215 825 4280 abstergeres
844 4213 990 4264 Coronaeus
1013 4220 1098 4279 utque
1122 4231 1275 4280 numquam
1307 4219 1378 4269 fron·

170 4284 226 4329 tem
245 4289 320 4333 tuam
339 4284 519 4335 contraheres
538 4284 665 4348 Gieripius
734 4279 836 4348 ipsum]
862 4283 994 4347 templum
1016 4285 1118 4348 Lipsius
1172 4287 1204 4335 17
1224 4283 1278 4336 has
1299 4287 1377 4339 sedes

169 4347 231 4398 acu
248 4351 328 4402 sedes
346 4353 449 4402 tuasA
519 4349 579 4417 nos]
598 4353 678 4403 nobis
696 4353 791 4403 Aldus
833 4353 1043 4417 responsurisB
1094 4353 1339 4418 interrogamusfl

169 4414 339 4486 viderintne]
359 4420 521 4470 uideriutd
608 4436 736 4485 umquam
755 4420 1042 4473 -vidsruntonat
1123 4423 1379 4476 20merenturld

221 4488 254 4536 23
270 4489 386 4551 fortusse
406 4505 440 4539 ea
460 4491 532 4541 enim
551 4487 659 4538 demum
711 4492 744 4540 ‘25
762 4485 813 4540 illa
832 4489 877 4540 dis
896 4491 933 4538 od
993 4493 1027 4542 26
1045 4491 1129 4542 crede
1148 4494 1177 4542 et
1195 4490 1252 4542 tibi
1270 4493 1297 4543 Δ
1347 4496 1378 4547 28

54 4581 63 4593 -
171 4551 280 4621 decepit
296 4559 355 4609 cod.
374 4557 482 4610 Medici.
554 4555 632 4626 quid]
653 4558 764 4624 quod!
