<?xml version="1.0" encoding="UTF-8"?>
<!DOCTYPE html PUBLIC "-//W3C//DTD XHTML 1.0 Transitional//EN"
    "http://www.w3.org/TR/xhtml1/DTD/xhtml1-transitional.dtd">
<html xmlns="http://www.w3.org/1999/xhtml" xml:lang="en" lang="en">
 <head>
  <title>
</title>
<meta http-equiv="Content-Type" content="text/html;charset=utf-8" />
  <meta name='ocr-system' content='tesseract 3.04.00' />
  <meta name='ocr-capabilities' content='ocr_page ocr_carea ocr_par ocr_line ocrx_word'/>
</head>
<body>
  <div class='ocr_page' id='page_1' title='image "./cplinicaecilise00plingoog_0371.png"; bbox 0 0 2934 4966; ppageno 0'>
   <div class='ocr_carea' id='block_1_1' title="bbox 1461 86 1465 229">
    <p class='ocr_par' dir='ltr' id='par_1_1' title="bbox 1438 46 1466 319">
     <span class='ocr_line' id='line_1_1' title="bbox 1461 86 1465 229; baseline 0 90"><span class='ocrx_word' id='word_1_1' title='bbox 1461 86 1465 229; x_wconf 73' lang='lat' dir='ltr'><strong>l</strong></span> 
     </span>
    </p>
   </div>
   <div class='ocr_carea' id='block_1_2' title="bbox 103 394 1441 835">
    <p class='ocr_par' dir='ltr' id='par_1_2' title="bbox 164 394 1441 518">
     <span class='ocr_line' id='line_1_2' title="bbox 164 394 1441 518; baseline -0.006 -21"><span class='ocrx_word' id='word_1_2' title='bbox 164 407 247 518; x_wconf 91' lang='lat' dir='ltr'><strong>quae</strong></span> <span class='ocrx_word' id='word_1_3' title='bbox 268 429 431 495; x_wconf 68' lang='lat' dir='ltr'><strong>iselastica</strong></span> <span class='ocrx_word' id='word_1_4' title='bbox 453 451 523 495; x_wconf 88' lang='lat' dir='ltr'><strong>esse</strong></span> <span class='ocrx_word' id='word_1_5' title='bbox 538 428 661 515; x_wconf 86' lang='lat' dir='ltr'><strong>placuit</strong></span> <span class='ocrx_word' id='word_1_6' title='bbox 681 427 781 512; x_wconf 89' lang='lat' dir='ltr'><strong>m1h1,</strong></span> <span class='ocrx_word' id='word_1_7' title='bbox 795 429 830 494; x_wconf 93' lang='lat' dir='ltr'><strong>si</strong></span> <span class='ocrx_word' id='word_1_8' title='bbox 851 411 928 494; x_wconf 90' lang='lat' dir='ltr'><strong>ante</strong></span> <span class='ocrx_word' id='word_1_9' title='bbox 950 426 1112 504; x_wconf 71' lang='lat' dir='ltr'><strong>iselastica</strong></span> <span class='ocrx_word' id='word_1_10' title='bbox 1133 447 1201 491; x_wconf 91' lang='lat' dir='ltr'><strong>non</strong></span> <span class='ocrx_word' id='word_1_11' title='bbox 1220 423 1367 510; x_wconf 85' lang='lat' dir='ltr'><strong>fuerunt,</strong></span> <span class='ocrx_word' id='word_1_12' title='bbox 1435 394 1441 421; x_wconf 63' lang='lat'>⁸</span> 
     </span>
    </p>

    <p class='ocr_par' dir='ltr' id='par_1_3' title="bbox 103 501 1439 721">
     <span class='ocr_line' id='line_1_3' title="bbox 165 501 1439 623; baseline -0.003 -24"><span class='ocrx_word' id='word_1_13' title='bbox 165 537 251 599; x_wconf 87' lang='lat' dir='ltr'><strong>retro</strong></span> <span class='ocrx_word' id='word_1_14' title='bbox 273 553 340 597; x_wconf 91' lang='grc' dir='ltr'>ιιοιι</span> <span class='ocrx_word' id='word_1_15' title='bbox 363 529 537 617; x_wconf 78' lang='lat' dir='ltr'><strong>debentu13</strong></span> <span class='ocrx_word' id='word_1_16' title='bbox 559 554 619 597; x_wconf 89' lang='lat' dir='ltr'><strong>nec</strong></span> <span class='ocrx_word' id='word_1_17' title='bbox 641 531 797 617; x_wconf 84' lang='lat' dir='ltr'><strong>prolicere</strong></span> <span class='ocrx_word' id='word_1_18' title='bbox 819 552 878 616; x_wconf 77' lang='lat' dir='ltr'><strong>pro</strong></span> <span class='ocrx_word' id='word_1_19' title='bbox 900 529 1072 596; x_wconf 87' lang='lat' dir='ltr'><strong>desiderio</strong></span> <span class='ocrx_word' id='word_1_20' title='bbox 1080 501 1278 595; x_wconf 73' lang='lat' dir='ltr'><strong>athletarum</strong></span> <span class='ocrx_word' id='word_1_21' title='bbox 1299 531 1368 623; x_wconf 86' lang='lat' dir='ltr'><strong>pot·</strong></span> <span class='ocrx_word' id='word_1_22' title='bbox 1431 517 1439 539; x_wconf 90' lang='lat'><strong>.-</strong></span> 
     </span>
     <span class='ocr_line' id='line_1_4' title="bbox 103 631 1435 730; baseline -0.005 -28"><span class='ocrx_word' id='word_1_23' title='bbox 103 696 106 702; x_wconf 91' lang='lat'><em>.</em></span> <span class='ocrx_word' id='word_1_24' title='bbox 143 678 145 682; x_wconf 56' lang='lat'>&gt;</span> <span class='ocrx_word' id='word_1_25' title='bbox 165 637 214 700; x_wconf 90' lang='lat' dir='ltr'><strong>est</strong></span> <span class='ocrx_word' id='word_1_26' title='bbox 236 633 322 719; x_wconf 89' lang='lat' dir='ltr'><strong>quod</strong></span> <span class='ocrx_word' id='word_1_27' title='bbox 345 655 558 721; x_wconf 90' lang='lat' dir='ltr'><strong>eorumquae</strong></span> <span class='ocrx_word' id='word_1_28' title='bbox 580 638 694 727; x_wconf 85' lang='lat' dir='ltr'><strong>postea</strong></span> <span class='ocrx_word' id='word_1_29' title='bbox 714 633 878 718; x_wconf 80' lang='lat' dir='ltr'><strong>iselastica</strong></span> <span class='ocrx_word' id='word_1_30' title='bbox 897 656 965 700; x_wconf 92' lang='lat' dir='ltr'><strong>non</strong></span> <span class='ocrx_word' id='word_1_31' title='bbox 979 654 1057 698; x_wconf 87' lang='lat' dir='ltr'><strong>esse</strong></span> <span class='ocrx_word' id='word_1_32' title='bbox 1079 631 1246 715; x_wconf 86' lang='lat' dir='ltr'><strong>constitui,</strong></span> <span class='ocrx_word' id='word_1_33' title='bbox 1270 634 1435 730; x_wconf 89' lang='lat' dir='ltr'><strong>quam</strong></span> 
     </span>
    </p>

    <p class='ocr_par' dir='ltr' id='par_1_4' title="bbox 165 733 1436 835">
     <span class='ocr_line' id='line_1_5' title="bbox 165 733 1436 835; baseline 0.001 -33"><span class='ocrx_word' id='word_1_34' title='bbox 165 736 313 802; x_wconf 85' lang='lat' dir='ltr'><strong>vicerant</strong></span> <span class='ocrx_word' id='word_1_35' title='bbox 316 737 489 822; x_wconf 86' lang='lat' dir='ltr'><strong>,accipere</strong></span> <span class='ocrx_word' id='word_1_36' title='bbox 505 737 678 835; x_wconf 84' lang='lat' dir='ltr'><strong>desierunt</strong></span> <span class='ocrx_word' id='word_1_37' title='bbox 705 739 830 803; x_wconf 86' lang='lat' dir='ltr'><strong>mutata</strong></span> <span class='ocrx_word' id='word_1_38' title='bbox 845 734 933 802; x_wconf 88' lang='lat' dir='ltr'><strong>enim</strong></span> <span class='ocrx_word' id='word_1_39' title='bbox 948 733 1137 803; x_wconf 88' lang='lat' dir='ltr'><strong>condicione</strong></span> <span class='ocrx_word' id='word_1_40' title='bbox 1153 733 1367 799; x_wconf 73' lang='lat' dir='ltr'><strong>certaminum</strong></span> <span class='ocrx_word' id='word_1_41' title='bbox 1433 736 1436 803; x_wconf 64' lang='grc' dir='ltr'><em>ξ</em></span> 
     </span>
    </p>
   </div>
   <div class='ocr_carea' id='block_1_3' title="bbox 164 832 1418 927">
    <p class='ocr_par' dir='ltr' id='par_1_5' title="bbox 164 832 1418 927">
     <span class='ocr_line' id='line_1_6' title="bbox 164 832 1418 927; baseline -0.01 -22"><span class='ocrx_word' id='word_1_42' title='bbox 164 838 267 905; x_wconf 89' lang='lat' dir='ltr'><strong>nihilo</strong></span> <span class='ocrx_word' id='word_1_43' title='bbox 288 837 396 904; x_wconf 88' lang='lat' dir='ltr'><strong>minus</strong></span> <span class='ocrx_word' id='word_1_44' title='bbox 418 862 500 925; x_wconf 91' lang='lat' dir='ltr'><strong>quae</strong></span> <span class='ocrx_word' id='word_1_45' title='bbox 522 843 600 906; x_wconf 90' lang='lat' dir='ltr'><strong>ante</strong></span> <span class='ocrx_word' id='word_1_46' title='bbox 620 832 816 927; x_wconf 79' lang='lat' dir='ltr'><strong>peregerant</strong></span> <span class='ocrx_word' id='word_1_47' title='bbox 837 841 905 906; x_wconf 84' lang='lat' dir='ltr'><strong>non</strong></span> <span class='ocrx_word' id='word_1_48' title='bbox 926 833 1129 905; x_wconf 84' lang='lat' dir='ltr'><strong>revocantur</strong></span> <span class='ocrx_word' id='word_1_49' title='bbox 1377 854 1389 893; x_wconf 76' lang='grc' dir='ltr'><strong>ι</strong></span> <span class='ocrx_word' id='word_1_50' title='bbox 1416 869 1418 873; x_wconf 93' lang='grc'>-</span> 
     </span>
    </p>
   </div>
   <div class='ocr_carea' id='block_1_4' title="bbox 447 1009 1467 1227">
    <p class='ocr_par' dir='ltr' id='par_1_6' title="bbox 447 1009 1467 1227">
     <span class='ocr_line' id='line_1_7' title="bbox 605 1009 1442 1104; baseline 0.001 -26"><span class='ocrx_word' id='word_1_51' title='bbox 605 1009 729 1078; x_wconf 73' lang='lat' dir='ltr'><strong>mx.</strong></span> <span class='ocrx_word' id='word_1_52' title='bbox 760 1009 898 1099; x_wconf 78' lang='lat' dir='ltr'><strong>[oum]</strong></span> <span class='ocrx_word' id='word_1_53' title='bbox 1438 1068 1442 1104; x_wconf 28' lang='grc' dir='ltr'><strong>ς</strong></span> 
     </span>
     <span class='ocr_line' id='line_1_8' title="bbox 447 1130 1467 1227; baseline 0.003 -41"><span class='ocrx_word' id='word_1_54' title='bbox 447 1132 478 1187; x_wconf 80' lang='grc'><strong>0.</strong></span> <span class='ocrx_word' id='word_1_55' title='bbox 497 1131 646 1185; x_wconf 82' lang='lat' dir='ltr'><strong>PLINIUS</strong></span> <span class='ocrx_word' id='word_1_56' title='bbox 664 1132 824 1185; x_wconf 82' lang='lat' dir='ltr'>TRAIANO</span> <span class='ocrx_word' id='word_1_57' title='bbox 840 1130 1079 1185; x_wconf 69' lang='lat' dir='ltr'><strong>mensurnas</strong></span> <span class='ocrx_word' id='word_1_58' title='bbox 1439 1140 1445 1227; x_wconf 59' lang='lat' dir='ltr'><strong>l</strong></span> <span class='ocrx_word' id='word_1_59' title='bbox 1466 1172 1467 1189; x_wconf 57' lang='grc' dir='ltr'><strong>ι</strong></span> 
     </span>
    </p>
   </div>
   <div class='ocr_carea' id='block_1_5' title="bbox 65 1246 1457 2258">
    <p class='ocr_par' dir='ltr' id='par_1_7' title="bbox 65 1246 1452 1545">
     <span class='ocr_line' id='line_1_9' title="bbox 137 1246 1443 1336; baseline -0.001 -20"><span class='ocrx_word' id='word_1_60' title='bbox 137 1253 153 1316; x_wconf 95' lang='lat' dir='ltr'><strong>l</strong></span> <span class='ocrx_word' id='word_1_61' title='bbox 230 1249 360 1336; x_wconf 86' lang='lat' dir='ltr'><strong>¹Usque</strong></span> <span class='ocrx_word' id='word_1_62' title='bbox 388 1249 423 1314; x_wconf 92' lang='lat' dir='ltr'><strong>in</strong></span> <span class='ocrx_word' id='word_1_63' title='bbox 450 1248 513 1315; x_wconf 91' lang='lat' dir='ltr'><strong>hoc</strong></span> <span class='ocrx_word' id='word_1_64' title='bbox 534 1253 678 1335; x_wconf 87' lang='lat' dir='ltr'><strong>tempus,</strong></span> <span class='ocrx_word' id='word_1_65' title='bbox 708 1249 852 1334; x_wconf 88' lang='lat' dir='ltr'><strong>domine,</strong></span> <span class='ocrx_word' id='word_1_66' title='bbox 879 1269 985 1336; x_wconf 87' lang='lat' dir='ltr'><strong>neque</strong></span> <span class='ocrx_word' id='word_1_67' title='bbox 1014 1249 1163 1334; x_wconf 90' lang='lat' dir='ltr'><strong>cuiquam</strong></span> <span class='ocrx_word' id='word_1_68' title='bbox 1190 1246 1368 1334; x_wconf 87' lang='lat' dir='ltr'><strong>diplomata</strong></span> <span class='ocrx_word' id='word_1_69' title='bbox 1440 1304 1443 1315; x_wconf 90' lang='lat'><em>.</em></span> 
     </span>
     <span class='ocr_line' id='line_1_10' title="bbox 165 1324 1452 1437; baseline -0.005 -18"><span class='ocrx_word' id='word_1_70' title='bbox 165 1351 363 1419; x_wconf 86' lang='lat' dir='ltr'><strong>commodavi</strong></span> <span class='ocrx_word' id='word_1_71' title='bbox 390 1373 495 1437; x_wconf 90' lang='lat' dir='ltr'><strong>neque</strong></span> <span class='ocrx_word' id='word_1_72' title='bbox 522 1351 557 1416; x_wconf 90' lang='lat' dir='ltr'><strong>in</strong></span> <span class='ocrx_word' id='word_1_73' title='bbox 585 1374 653 1418; x_wconf 91' lang='lat' dir='ltr'><strong>rem</strong></span> <span class='ocrx_word' id='word_1_74' title='bbox 679 1351 779 1419; x_wconf 89' lang='lat' dir='ltr'><strong>ullam</strong></span> <span class='ocrx_word' id='word_1_75' title='bbox 807 1352 872 1418; x_wconf 90' lang='lat' dir='ltr'><strong>nisi</strong></span> <span class='ocrx_word' id='word_1_76' title='bbox 898 1354 991 1418; x_wconf 88' lang='lat' dir='ltr'><strong>tuam</strong></span> <span class='ocrx_word' id='word_1_77' title='bbox 1017 1350 1103 1416; x_wconf 88' lang='lat' dir='ltr'><strong>misi.</strong></span> <span class='ocrx_word' id='word_1_78' title='bbox 1137 1372 1234 1436; x_wconf 88' lang='lat' dir='ltr'><strong>quam</strong></span> <span class='ocrx_word' id='word_1_79' title='bbox 1255 1371 1368 1437; x_wconf 87' lang='lat' dir='ltr'><strong>perpe·</strong></span> <span class='ocrx_word' id='word_1_80' title='bbox 1441 1324 1452 1392; x_wconf 40' lang='grc' dir='ltr'><strong>ξ’</strong></span> 
     </span>
     <span class='ocr_line' id='line_1_11' title="bbox 65 1452 1402 1545; baseline -0.001 -27"><span class='ocrx_word' id='word_1_81' title='bbox 65 1514 67 1518; x_wconf 81' lang='grc'>,</span> <span class='ocrx_word' id='word_1_82' title='bbox 95 1513 97 1517; x_wconf 75' lang='grc'>,</span> <span class='ocrx_word' id='word_1_83' title='bbox 133 1455 254 1520; x_wconf 63' lang='lat' dir='ltr'><strong>iteam</strong></span> <span class='ocrx_word' id='word_1_84' title='bbox 276 1453 493 1519; x_wconf 81' lang='lat' dir='ltr'><strong>servationem</strong></span> <span class='ocrx_word' id='word_1_85' title='bbox 514 1455 619 1520; x_wconf 84' lang='lat' dir='ltr'><strong>meam</strong></span> <span class='ocrx_word' id='word_1_86' title='bbox 640 1454 798 1539; x_wconf 86' lang='lat' dir='ltr'><strong>quasdam</strong></span> <span class='ocrx_word' id='word_1_87' title='bbox 826 1454 1004 1522; x_wconf 81' lang='lat' dir='ltr'><strong>necessitas</strong></span> <span class='ocrx_word' id='word_1_88' title='bbox 1024 1454 1124 1538; x_wconf 84' lang='lat' dir='ltr'><strong>rupit.</strong></span> <span class='ocrx_word' id='word_1_89' title='bbox 1164 1452 1259 1545; x_wconf 84' lang='lat' dir='ltr'><strong>uxori</strong></span> <span class='ocrx_word' id='word_1_90' title='bbox 1281 1452 1368 1517; x_wconf 90' lang='lat' dir='ltr'><strong>enim</strong></span> <span class='ocrx_word' id='word_1_91' title='bbox 1380 1469 1402 1506; x_wconf 85' lang='lat'><strong>10</strong></span> 
     </span>
    </p>

    <p class='ocr_par' dir='ltr' id='par_1_8' title="bbox 95 1555 1450 1746">
     <span class='ocr_line' id='line_1_12' title="bbox 95 1555 1450 1630; baseline -0.003 -7"><span class='ocrx_word' id='word_1_92' title='bbox 95 1571 105 1578; x_wconf 86' lang='grc'><strong>“</strong></span> <span class='ocrx_word' id='word_1_93' title='bbox 163 1555 388 1630; x_wconf 87' lang='lat' dir='ltr'><strong>meae·audita</strong></span> <span class='ocrx_word' id='word_1_94' title='bbox 409 1559 512 1622; x_wconf 89' lang='lat' dir='ltr'><strong>morte</strong></span> <span class='ocrx_word' id='word_1_95' title='bbox 534 1557 586 1622; x_wconf 84' lang='lat' dir='ltr'><strong>avi</strong></span> <span class='ocrx_word' id='word_1_96' title='bbox 608 1557 729 1623; x_wconf 88' lang='lat' dir='ltr'><strong>volenti</strong></span> <span class='ocrx_word' id='word_1_97' title='bbox 752 1557 791 1623; x_wconf 90' lang='lat' dir='ltr'><strong>ad</strong></span> <span class='ocrx_word' id='word_1_98' title='bbox 811 1558 949 1623; x_wconf 84' lang='lat' dir='ltr'><strong>amitam</strong></span> <span class='ocrx_word' id='word_1_99' title='bbox 963 1567 1061 1622; x_wconf 72' lang='lat' dir='ltr'><strong>‘suam</strong></span> <span class='ocrx_word' id='word_1_100' title='bbox 1083 1561 1253 1629; x_wconf 82' lang='lat' dir='ltr'><strong>excurrere</strong></span> <span class='ocrx_word' id='word_1_101' title='bbox 1275 1576 1386 1620; x_wconf 50' lang='lat' dir='ltr'><strong>usum‘</strong></span> <span class='ocrx_word' id='word_1_102' title='bbox 1444 1577 1450 1611; x_wconf 74' lang='grc' dir='ltr'><strong>ι</strong></span> 
     </span>
     <span class='ocr_line' id='line_1_13' title="bbox 164 1658 1449 1746; baseline -0.002 -21"><span class='ocrx_word' id='word_1_103' title='bbox 164 1679 273 1725; x_wconf 88' lang='lat' dir='ltr'><strong>eorum</strong></span> <span class='ocrx_word' id='word_1_104' title='bbox 288 1680 410 1745; x_wconf 83' lang='lat' dir='ltr'><strong>negare</strong></span> <span class='ocrx_word' id='word_1_105' title='bbox 432 1659 547 1724; x_wconf 89' lang='lat' dir='ltr'><strong>durum</strong></span> <span class='ocrx_word' id='word_1_106' title='bbox 561 1660 690 1745; x_wconf 81' lang='lat' dir='ltr'><strong>putavi,</strong></span> <span class='ocrx_word' id='word_1_107' title='bbox 715 1682 788 1727; x_wconf 89' lang='lat' dir='ltr'><strong>cum</strong></span> <span class='ocrx_word' id='word_1_108' title='bbox 801 1659 877 1726; x_wconf 85' lang='lat' dir='ltr'><strong>talis</strong></span> <span class='ocrx_word' id='word_1_109' title='bbox 886 1676 889 1682; x_wconf 82' lang='grc'><strong>’</strong></span> <span class='ocrx_word' id='word_1_110' title='bbox 899 1659 1000 1732; x_wconf 86' lang='lat' dir='ltr'><strong>oflicii</strong></span> <span class='ocrx_word' id='word_1_111' title='bbox 1014 1659 1122 1746; x_wconf 82' lang='lat' dir='ltr'><strong>gratia</strong></span> <span class='ocrx_word' id='word_1_112' title='bbox 1144 1658 1180 1723; x_wconf 94' lang='lat' dir='ltr'><strong>in</strong></span> <span class='ocrx_word' id='word_1_113' title='bbox 1201 1659 1368 1724; x_wconf 89' lang='lat' dir='ltr'><strong>celeritate</strong></span> <span class='ocrx_word' id='word_1_114' title='bbox 1446 1692 1449 1699; x_wconf 97' lang='lat'><em>·</em></span> 
     </span>
    </p>

    <p class='ocr_par' dir='ltr' id='par_1_9' title="bbox 162 1759 1457 2258">
     <span class='ocr_line' id='line_1_14' title="bbox 164 1759 1369 1847; baseline -0.003 -19"><span class='ocrx_word' id='word_1_115' title='bbox 164 1762 370 1846; x_wconf 84' lang='lat' dir='ltr'><strong>consisteret,</strong></span> <span class='ocrx_word' id='word_1_116' title='bbox 392 1761 570 1847; x_wconf 85' lang='lat' dir='ltr'><strong>sciremque</strong></span> <span class='ocrx_word' id='word_1_117' title='bbox 586 1763 744 1828; x_wconf 87' lang='lat' dir='ltr'><strong>rationem</strong></span> <span class='ocrx_word' id='word_1_118' title='bbox 765 1763 892 1828; x_wconf 87' lang='lat' dir='ltr'><strong>itineris</strong></span> <span class='ocrx_word' id='word_1_119' title='bbox 906 1761 1134 1847; x_wconf 87' lang='lat' dir='ltr'><strong>probaturum,</strong></span> <span class='ocrx_word' id='word_1_120' title='bbox 1158 1759 1249 1826; x_wconf 89' lang='lat' dir='ltr'><strong>cuius</strong></span> <span class='ocrx_word' id='word_1_121' title='bbox 1272 1781 1369 1826; x_wconf 90' lang='lat' dir='ltr'><strong>causa</strong></span> 
     </span>
     <span class='ocr_line' id='line_1_15' title="bbox 164 1862 1448 1951; baseline -0.002 -21"><span class='ocrx_word' id='word_1_122' title='bbox 164 1867 235 1930; x_wconf 88' lang='lat' dir='ltr'><strong>erat</strong></span> <span class='ocrx_word' id='word_1_123' title='bbox 256 1865 371 1950; x_wconf 87' lang='lat' dir='ltr'><strong>pietas.</strong></span> <span class='ocrx_word' id='word_1_124' title='bbox 411 1863 493 1930; x_wconf 88' lang='lat' dir='ltr'><strong>haec</strong></span> <span class='ocrx_word' id='word_1_125' title='bbox 515 1864 577 1930; x_wconf 87' lang='lat' dir='ltr'><strong>tibi</strong></span> <span class='ocrx_word' id='word_1_126' title='bbox 599 1864 729 1951; x_wconf 89' lang='lat' dir='ltr'><strong>scripsi,</strong></span> <span class='ocrx_word' id='word_1_127' title='bbox 757 1866 833 1951; x_wconf 90' lang='lat' dir='ltr'><strong>quia</strong></span> <span class='ocrx_word' id='word_1_128' title='bbox 854 1865 935 1930; x_wconf 91' lang='lat' dir='ltr'><strong>mihi</strong></span> <span class='ocrx_word' id='word_1_129' title='bbox 956 1885 1071 1950; x_wconf 87' lang='lat' dir='ltr'><strong>parum</strong></span> <span class='ocrx_word' id='word_1_130' title='bbox 1092 1866 1208 1950; x_wconf 73' lang='lat' dir='ltr'><strong>gratim</strong></span> <span class='ocrx_word' id='word_1_131' title='bbox 1229 1863 1301 1949; x_wconf 84' lang='lat' dir='ltr'><strong>fore</strong></span> <span class='ocrx_word' id='word_1_132' title='bbox 1322 1862 1368 1927; x_wconf 87' lang='lat' dir='ltr'><strong>vi·</strong></span> <span class='ocrx_word' id='word_1_133' title='bbox 1446 1885 1448 1911; x_wconf 85' lang='lat'>=</span> 
     </span>
     <span class='ocr_line' id='line_1_16' title="bbox 164 1965 1448 2052; baseline -0.001 -21"><span class='ocrx_word' id='word_1_134' title='bbox 164 1966 279 2051; x_wconf 88' lang='lat' dir='ltr'><strong>deber,</strong></span> <span class='ocrx_word' id='word_1_135' title='bbox 303 1967 331 2032; x_wconf 90' lang='lat' dir='ltr'><strong>si</strong></span> <span class='ocrx_word' id='word_1_136' title='bbox 353 1965 603 2032; x_wconf 88' lang='lat' dir='ltr'><strong>dissimulassem</strong></span> <span class='ocrx_word' id='word_1_137' title='bbox 630 1968 717 2033; x_wconf 86' lang='lat' dir='ltr'><strong>inter</strong></span> <span class='ocrx_word' id='word_1_138' title='bbox 739 1967 803 2033; x_wconf 90' lang='lat' dir='ltr'><strong>alia</strong></span> <span class='ocrx_word' id='word_1_139' title='bbox 829 1967 988 2034; x_wconf 87' lang='lat' dir='ltr'><strong>beneficia</strong></span> <span class='ocrx_word' id='word_1_140' title='bbox 1008 1965 1071 2032; x_wconf 89' lang='lat' dir='ltr'><strong>hoc</strong></span> <span class='ocrx_word' id='word_1_141' title='bbox 1092 1987 1217 2052; x_wconf 87' lang='lat' dir='ltr'><strong>quoque</strong></span> <span class='ocrx_word' id='word_1_142' title='bbox 1240 1966 1403 2031; x_wconf 80' lang='lat' dir='ltr'><strong>mede-1⁵</strong></span> <span class='ocrx_word' id='word_1_143' title='bbox 1445 1981 1448 1993; x_wconf 89' lang='lat'>·</span> 
     </span>
     <span class='ocr_line' id='line_1_17' title="bbox 163 2067 1457 2156; baseline 0 -22"><span class='ocrx_word' id='word_1_144' title='bbox 163 2067 239 2134; x_wconf 88' lang='lat' dir='ltr'><strong>bere</strong></span> <span class='ocrx_word' id='word_1_145' title='bbox 260 2067 483 2154; x_wconf 82' lang='lat' dir='ltr'><strong>indulgentiae</strong></span> <span class='ocrx_word' id='word_1_146' title='bbox 505 2072 598 2156; x_wconf 88' lang='lat' dir='ltr'><strong>tuae,</strong></span> <span class='ocrx_word' id='word_1_147' title='bbox 618 2069 711 2156; x_wconf 67' lang='lat' dir='ltr'><strong>‘quod</strong></span> <span class='ocrx_word' id='word_1_148' title='bbox 730 2069 849 2135; x_wconf 89' lang='lat' dir='ltr'><strong>fiducia</strong></span> <span class='ocrx_word' id='word_1_149' title='bbox 870 2071 939 2136; x_wconf 91' lang='lat' dir='ltr'><strong>eius</strong></span> <span class='ocrx_word' id='word_1_150' title='bbox 961 2090 1155 2155; x_wconf 86' lang='lat' dir='ltr'><strong>quamquam</strong></span> <span class='ocrx_word' id='word_1_151' title='bbox 1182 2067 1368 2134; x_wconf 84' lang='lat' dir='ltr'><strong>inconsulto</strong></span> <span class='ocrx_word' id='word_1_152' title='bbox 1444 2096 1457 2144; x_wconf 55' lang='lat'><strong>2·</strong></span> 
     </span>
     <span class='ocr_line' id='line_1_18' title="bbox 162 2167 1446 2258; baseline 0 -22"><span class='ocrx_word' id='word_1_153' title='bbox 162 2173 196 2236; x_wconf 88' lang='lat' dir='ltr'><strong>te</strong></span> <span class='ocrx_word' id='word_1_154' title='bbox 217 2192 285 2237; x_wconf 91' lang='lat' dir='ltr'><strong>non</strong></span> <span class='ocrx_word' id='word_1_155' title='bbox 307 2170 453 2237; x_wconf 81' lang='lat' dir='ltr'><strong>dubitari</strong></span> <span class='ocrx_word' id='word_1_156' title='bbox 471 2175 581 2250; x_wconf 84' lang='lat' dir='ltr'><strong>facere</strong></span> <span class='ocrx_word' id='word_1_157' title='bbox 603 2194 702 2258; x_wconf 90' lang='lat' dir='ltr'><strong>quae,</strong></span> <span class='ocrx_word' id='word_1_158' title='bbox 727 2173 758 2254; x_wconf 88' lang='lat' dir='ltr'><strong>si</strong></span> <span class='ocrx_word' id='word_1_159' title='bbox 779 2172 1027 2258; x_wconf 79' lang='lat' dir='ltr'><strong>consuluissem,</strong></span> <span class='ocrx_word' id='word_1_160' title='bbox 1049 2175 1122 2237; x_wconf 87' lang='lat' dir='ltr'><strong>sero</strong></span> <span class='ocrx_word' id='word_1_161' title='bbox 1138 2169 1303 2238; x_wconf 80' lang='lat' dir='ltr'><strong>iecissem.</strong></span> <span class='ocrx_word' id='word_1_162' title='bbox 1443 2167 1446 2173; x_wconf 75' lang='grc'><strong>’</strong></span> 
     </span>
    </p>
   </div>
   <div class='ocr_carea' id='block_1_6' title="bbox 601 2341 984 2521">
    <p class='ocr_par' dir='ltr' id='par_1_10' title="bbox 601 2341 984 2521">
     <span class='ocr_line' id='line_1_19' title="bbox 615 2341 915 2434; baseline -0.01 -22"><span class='ocrx_word' id='word_1_163' title='bbox 615 2342 731 2412; x_wconf 78' lang='lat' dir='ltr'><strong>cxxi.</strong></span> <span class='ocrx_word' id='word_1_164' title='bbox 756 2341 915 2434; x_wconf 73' lang='lat' dir='ltr'><strong>[omn]</strong></span> 
     </span>
     <span class='ocr_line' id='line_1_20' title="bbox 601 2465 984 2521; baseline -0.005 -1"><span class='ocrx_word' id='word_1_165' title='bbox 601 2465 784 2520; x_wconf 79' lang='lat' dir='ltr'>TRAIANUS</span> <span class='ocrx_word' id='word_1_166' title='bbox 803 2465 930 2521; x_wconf 76' lang='lat' dir='ltr'><strong>Pnlruo</strong></span> <span class='ocrx_word' id='word_1_167' title='bbox 982 2508 984 2511; x_wconf 56' lang='grc'>,</span> 
     </span>
    </p>
   </div>
   <div class='ocr_carea' id='block_1_7' title="bbox 32 2580 1438 3081">
    <p class='ocr_par' dir='ltr' id='par_1_11' title="bbox 32 2580 1438 3081">
     <span class='ocr_line' id='line_1_21' title="bbox 248 2580 1438 2676; baseline 0.003 -29"><span class='ocrx_word' id='word_1_168' title='bbox 248 2580 367 2648; x_wconf 89' lang='lat' dir='ltr'><strong>Merito</strong></span> <span class='ocrx_word' id='word_1_169' title='bbox 381 2582 542 2668; x_wconf 88' lang='lat' dir='ltr'><strong>habuisti,</strong></span> <span class='ocrx_word' id='word_1_170' title='bbox 561 2583 708 2676; x_wconf 83' lang='lat' dir='ltr'><strong>Secunde</strong></span> <span class='ocrx_word' id='word_1_171' title='bbox 724 2584 904 2669; x_wconf 85' lang='lat' dir='ltr'><strong>carissime,</strong></span> <span class='ocrx_word' id='word_1_172' title='bbox 925 2583 1076 2651; x_wconf 89' lang='lat' dir='ltr'><strong>fiduciam</strong></span> <span class='ocrx_word' id='word_1_173' title='bbox 1091 2583 1193 2650; x_wconf 91' lang='lat' dir='ltr'><strong>animi</strong></span> <span class='ocrx_word' id='word_1_174' title='bbox 1208 2586 1284 2668; x_wconf 88' lang='lat' dir='ltr'><strong>mei,</strong></span> <span class='ocrx_word' id='word_1_175' title='bbox 1308 2606 1367 2651; x_wconf 88' lang='lat' dir='ltr'><strong>nec</strong></span> <span class='ocrx_word' id='word_1_176' title='bbox 1379 2598 1400 2638; x_wconf 81' lang='lat'><strong>²⁰</strong></span> <span class='ocrx_word' id='word_1_177' title='bbox 1418 2596 1438 2632; x_wconf 84' lang='lat'><strong>·¹</strong></span> 
     </span>
     <span class='ocr_line' id='line_1_22' title="bbox 32 2684 1364 2776; baseline 0.001 -25"><span class='ocrx_word' id='word_1_178' title='bbox 32 2764 37 2776; x_wconf 28' lang='lat'><strong>⁴</strong></span> <span class='ocrx_word' id='word_1_179' title='bbox 163 2684 376 2751; x_wconf 89' lang='lat' dir='ltr'><strong>dubitandum</strong></span> <span class='ocrx_word' id='word_1_180' title='bbox 402 2685 469 2751; x_wconf 85' lang='lat' dir='ltr'><strong>fuit</strong></span> <span class='ocrx_word' id='word_1_181' title='bbox 493 2692 551 2753; x_wconf 76' lang='lat' dir='ltr'><strong>rice·</strong></span> <span class='ocrx_word' id='word_1_182' title='bbox 570 2690 681 2765; x_wconf 79' lang='lat' dir='ltr'><strong>facere</strong></span> <span class='ocrx_word' id='word_1_183' title='bbox 712 2707 886 2767; x_wconf 80' lang='lat' dir='ltr'><strong>quaesere</strong></span> <span class='ocrx_word' id='word_1_184' title='bbox 914 2691 1058 2771; x_wconf 64' lang='lat' dir='ltr'><strong>semesas,</strong></span> <span class='ocrx_word' id='word_1_185' title='bbox 1094 2687 1123 2752; x_wconf 85' lang='lat' dir='ltr'><strong>ai</strong></span> <span class='ocrx_word' id='word_1_186' title='bbox 1150 2691 1364 2772; x_wconf 83' lang='lat' dir='ltr'><strong>expectasses,</strong></span> 
     </span>
     <span class='ocr_line' id='line_1_23' title="bbox 69 2778 1401 2876; baseline 0.002 -24"><span class='ocrx_word' id='word_1_187' title='bbox 69 2834 75 2840; x_wconf 87' lang='lat'>-</span> <span class='ocrx_word' id='word_1_188' title='bbox 163 2787 266 2853; x_wconf 92' lang='lat' dir='ltr'><strong>donec</strong></span> <span class='ocrx_word' id='word_1_189' title='bbox 280 2809 333 2852; x_wconf 89' lang='lat' dir='ltr'><strong>me</strong></span> <span class='ocrx_word' id='word_1_190' title='bbox 349 2789 547 2873; x_wconf 87' lang='lat' dir='ltr'><strong>consuleres,</strong></span> <span class='ocrx_word' id='word_1_191' title='bbox 571 2812 615 2854; x_wconf 89' lang='lat' dir='ltr'><strong>an</strong></span> <span class='ocrx_word' id='word_1_192' title='bbox 637 2789 699 2854; x_wconf 83' lang='lat' dir='ltr'><strong>iter</strong></span> <span class='ocrx_word' id='word_1_193' title='bbox 714 2790 821 2855; x_wconf 82' lang='lat' dir='ltr'><strong>uxoris</strong></span> <span class='ocrx_word' id='word_1_194' title='bbox 836 2778 912 2855; x_wconf 89' lang='lat' dir='ltr'><strong>tuae</strong></span> <span class='ocrx_word' id='word_1_195' title='bbox 929 2789 1176 2876; x_wconf 87' lang='lat' dir='ltr'><strong>diplomatibus,</strong></span> <span class='ocrx_word' id='word_1_196' title='bbox 1200 2811 1283 2875; x_wconf 87' lang='lat' dir='ltr'><strong>quae</strong></span> <span class='ocrx_word' id='word_1_197' title='bbox 1298 2791 1366 2855; x_wconf 85' lang='lat' dir='ltr'><strong>offi-</strong></span> <span class='ocrx_word' id='word_1_198' title='bbox 1397 2864 1401 2873; x_wconf 42' lang='lat'><strong>,</strong></span> 
     </span>
     <span class='ocr_line' id='line_1_24' title="bbox 127 2889 1366 2978; baseline 0.001 -23"><span class='ocrx_word' id='word_1_199' title='bbox 127 2938 130 2942; x_wconf 30' lang='lat'><strong>⁴</strong></span> <span class='ocrx_word' id='word_1_200' title='bbox 164 2889 214 2955; x_wconf 89' lang='lat' dir='ltr'><strong>cio</strong></span> <span class='ocrx_word' id='word_1_201' title='bbox 235 2892 292 2956; x_wconf 88' lang='lat' dir='ltr'><strong>tuo</strong></span> <span class='ocrx_word' id='word_1_202' title='bbox 313 2889 404 2976; x_wconf 87' lang='lat' dir='ltr'><strong>dedi,</strong></span> <span class='ocrx_word' id='word_1_203' title='bbox 433 2890 650 2957; x_wconf 86' lang='lat' dir='ltr'><strong>adiuvandum</strong></span> <span class='ocrx_word' id='word_1_204' title='bbox 672 2895 772 2976; x_wconf 87' lang='lat' dir='ltr'><strong>essct,</strong></span> <span class='ocrx_word' id='word_1_205' title='bbox 803 2915 876 2957; x_wconf 90' lang='lat' dir='ltr'><strong>cum</strong></span> <span class='ocrx_word' id='word_1_206' title='bbox 898 2893 984 2978; x_wconf 86' lang='lat' dir='ltr'><strong>apud</strong></span> <span class='ocrx_word' id='word_1_207' title='bbox 1009 2892 1143 2958; x_wconf 88' lang='lat' dir='ltr'><strong>amitam</strong></span> <span class='ocrx_word' id='word_1_208' title='bbox 1173 2915 1265 2957; x_wconf 91' lang='lat' dir='ltr'><strong>suam</strong></span> <span class='ocrx_word' id='word_1_209' title='bbox 1288 2915 1366 2957; x_wconf 82' lang='lat' dir='ltr'><strong>uxor</strong></span> 
     </span>
     <span class='ocr_line' id='line_1_25' title="bbox 162 2992 1392 3081; baseline 0.002 -24"><span class='ocrx_word' id='word_1_210' title='bbox 162 2995 219 3057; x_wconf 90' lang='lat' dir='ltr'><strong>tua</strong></span> <span class='ocrx_word' id='word_1_211' title='bbox 242 2992 427 3059; x_wconf 88' lang='lat' dir='ltr'><strong>deberetet</strong></span> <span class='ocrx_word' id='word_1_212' title='bbox 394 2995 493 3059; x_wconf 90' lang='lat' dir='ltr'><strong>etiam</strong></span> <span class='ocrx_word' id='word_1_213' title='bbox 516 2995 648 3060; x_wconf 85' lang='lat' dir='ltr'><strong>celerita</strong></span> <span class='ocrx_word' id='word_1_214' title='bbox 649 2997 682 3058; x_wconf 86' lang='lat' dir='ltr'><strong>te</strong></span> <span class='ocrx_word' id='word_1_215' title='bbox 704 3017 764 3080; x_wconf 84' lang='lat' dir='ltr'><strong>gra</strong></span> <span class='ocrx_word' id='word_1_216' title='bbox 764 2995 844 3060; x_wconf 87' lang='lat' dir='ltr'><strong>tiam</strong></span> <span class='ocrx_word' id='word_1_217' title='bbox 867 2994 1025 3059; x_wconf 86' lang='lat' dir='ltr'><strong>adventus</strong></span> <span class='ocrx_word' id='word_1_218' title='bbox 1047 2995 1097 3060; x_wconf 89' lang='lat' dir='ltr'><strong>sui</strong></span> <span class='ocrx_word' id='word_1_219' title='bbox 1119 3017 1250 3081; x_wconf 87' lang='lat' dir='ltr'><strong>engere.</strong></span> <span class='ocrx_word' id='word_1_220' title='bbox 1388 3001 1392 3005; x_wconf 82' lang='grc'><strong>’</strong></span> 
     </span>
    </p>
   </div>
   <div class='ocr_carea' id='block_1_8' title="bbox 164 224 1054 353">
    <p class='ocr_par' dir='ltr' id='par_1_12' title="bbox 164 224 1054 353">
     <span class='ocr_line' id='line_1_26' title="bbox 164 224 1054 353; baseline -0.009 -25"><span class='ocrx_word' id='word_1_221' title='bbox 164 262 228 329; x_wconf 86' lang='grc'><strong>316</strong></span> <span class='ocrx_word' id='word_1_222' title='bbox 428 224 436 239; x_wconf 50' lang='grc'><em>’</em></span> <span class='ocrx_word' id='word_1_223' title='bbox 566 271 602 323; x_wconf 87' lang='lat' dir='ltr'><strong>c.</strong></span> <span class='ocrx_word' id='word_1_224' title='bbox 625 271 960 342; x_wconf 71' lang='lat' dir='ltr'><strong>numinensium</strong></span> <span class='ocrx_word' id='word_1_225' title='bbox 1049 344 1054 353; x_wconf 29' lang='lat'><em>¹</em></span> 
     </span>
    </p>
   </div>
   <div class='ocr_carea' id='block_1_9' title="bbox 1438 2369 1444 2455">
    <p class='ocr_par' dir='ltr' id='par_1_13' title="bbox 1438 2369 1444 2455">
     <span class='ocr_line' id='line_1_27' title="bbox 1438 2369 1444 2455; baseline 0 0"><span class='ocrx_word' id='word_1_226' title='bbox 1438 2369 1444 2455; x_wconf 82' lang='lat' dir='ltr'><strong>l</strong></span> 
     </span>
    </p>
   </div>
   <div class='ocr_carea' id='block_1_10' title="bbox 174 3091 366 3102">
    <p class='ocr_par' dir='ltr' id='par_1_14' title="bbox 174 3091 366 3102">
     <span class='ocr_line' id='line_1_28' title="bbox 174 3091 366 3102; baseline 0.01 -2"><span class='ocrx_word' id='word_1_227' title='bbox 174 3091 366 3102; x_wconf 64' lang='lat'>›--—.—.</span> 
     </span>
    </p>
   </div>
   <div class='ocr_carea' id='block_1_11' title="bbox 132 3116 1416 4624">
    <p class='ocr_par' dir='ltr' id='par_1_15' title="bbox 162 3116 1364 3389">
     <span class='ocr_line' id='line_1_29' title="bbox 230 3116 1364 3183; baseline 0 -15"><span class='ocrx_word' id='word_1_228' title='bbox 230 3119 372 3183; x_wconf 76' lang='lat' dir='ltr'><strong>2pctest:</strong></span> <span class='ocrx_word' id='word_1_229' title='bbox 391 3123 447 3168; x_wconf 87' lang='lat' dir='ltr'><strong>tam</strong></span> <span class='ocrx_word' id='word_1_230' title='bbox 466 3133 575 3168; x_wconf 77' lang='lat' dir='ltr'><strong>eorrim·</strong></span> <span class='ocrx_word' id='word_1_231' title='bbox 595 3134 666 3183; x_wconf 87' lang='lat' dir='ltr'><strong>quae</strong></span> <span class='ocrx_word' id='word_1_232' title='bbox 678 3123 779 3183; x_wconf 84' lang='lat' dir='ltr'><strong>postea</strong></span> <span class='ocrx_word' id='word_1_233' title='bbox 789 3116 941 3169; x_wconf 84' lang='lat' dir='ltr'><strong>Iselaslrca</strong></span> <span class='ocrx_word' id='word_1_234' title='bbox 959 3117 1022 3183; x_wconf 81' lang='lat' dir='ltr'><strong>lege</strong></span> <span class='ocrx_word' id='word_1_235' title='bbox 1035 3118 1183 3170; x_wconf 79' lang='lat' dir='ltr'><strong>constitui</strong></span> <span class='ocrx_word' id='word_1_236' title='bbox 1204 3134 1288 3183; x_wconf 88' lang='lat' dir='ltr'><strong>quam</strong></span> <span class='ocrx_word' id='word_1_237' title='bbox 1307 3135 1364 3169; x_wconf 87' lang='lat' dir='ltr'><strong>cnm</strong></span> 
     </span>
     <span class='ocr_line' id='line_1_30' title="bbox 162 3181 1364 3252; baseline 0 -16"><span class='ocrx_word' id='word_1_238' title='bbox 162 3185 307 3238; x_wconf 87' lang='lat' dir='ltr'><strong>uincerent</strong></span> <span class='ocrx_word' id='word_1_239' title='bbox 324 3202 386 3238; x_wconf 86' lang='lat' dir='ltr'><strong>esse</strong></span> <span class='ocrx_word' id='word_1_240' title='bbox 405 3185 547 3237; x_wconf 86' lang='lat' dir='ltr'><strong>desierunt</strong></span> <span class='ocrx_word' id='word_1_241' title='bbox 567 3188 711 3237; x_wconf 79' lang='lat' dir='ltr'><strong>Celaeneus</strong></span> <span class='ocrx_word' id='word_1_242' title='bbox 791 3181 911 3252; x_wconf 84' lang='lat' dir='ltr'><strong>3quod]</strong></span> <span class='ocrx_word' id='word_1_243' title='bbox 932 3186 997 3250; x_wconf 88' lang='lat' dir='ltr'><strong>quid</strong></span> <span class='ocrx_word' id='word_1_244' title='bbox 1015 3185 1163 3238; x_wconf 81' lang='lat' dir='ltr'><strong>Beroaldus</strong></span> <span class='ocrx_word' id='word_1_245' title='bbox 1232 3202 1289 3238; x_wconf 87' lang='lat' dir='ltr'><strong>non</strong></span> <span class='ocrx_word' id='word_1_246' title='bbox 1307 3203 1364 3237; x_wconf 86' lang='lat' dir='ltr'><strong>esse</strong></span> 
     </span>
     <span class='ocr_line' id='line_1_31' title="bbox 163 3254 1364 3321; baseline 0 -16"><span class='ocrx_word' id='word_1_247' title='bbox 163 3255 296 3306; x_wconf 81' lang='lat' dir='ltr'><strong>Araoldus</strong></span> <span class='ocrx_word' id='word_1_248' title='bbox 314 3255 472 3318; x_wconf 71' lang='lat' dir='ltr'><strong>Sellaeferus</strong></span> <span class='ocrx_word' id='word_1_249' title='bbox 490 3271 546 3305; x_wconf 91' lang='lat' dir='ltr'><strong>non</strong></span> <span class='ocrx_word' id='word_1_250' title='bbox 563 3254 626 3320; x_wconf 80' lang='lat' dir='ltr'><strong>lege</strong></span> <span class='ocrx_word' id='word_1_251' title='bbox 644 3255 668 3303; x_wconf 89' lang='lat' dir='ltr'>A</span> <span class='ocrx_word' id='word_1_252' title='bbox 719 3269 802 3319; x_wconf 84' lang='lat' dir='ltr'><strong>qnam</strong></span> <span class='ocrx_word' id='word_1_253' title='bbox 821 3255 949 3305; x_wconf 81' lang='lat' dir='ltr'><strong>vicerant</strong></span> <span class='ocrx_word' id='word_1_254' title='bbox 961 3256 1095 3304; x_wconf 82' lang='lat' dir='ltr'><strong>Arnoldus</strong></span> <span class='ocrx_word' id='word_1_255' title='bbox 1113 3255 1197 3305; x_wconf 74' lang='lat' dir='ltr'><strong>Solae</strong></span> <span class='ocrx_word' id='word_1_256' title='bbox 1183 3257 1273 3317; x_wconf 77' lang='lat' dir='ltr'><strong>ferus</strong></span> <span class='ocrx_word' id='word_1_257' title='bbox 1286 3271 1364 3321; x_wconf 86' lang='lat' dir='ltr'><strong>quarn</strong></span> 
     </span>
     <span class='ocr_line' id='line_1_32' title="bbox 163 3321 1152 3389; baseline -0.002 -16"><span class='ocrx_word' id='word_1_258' title='bbox 163 3323 210 3388; x_wconf 86' lang='lat' dir='ltr'><strong>qui</strong></span> <span class='ocrx_word' id='word_1_259' title='bbox 227 3321 360 3373; x_wconf 85' lang='lat' dir='ltr'><strong>ieranlA</strong></span> <span class='ocrx_word' id='word_1_260' title='bbox 430 3325 609 3389; x_wconf 71' lang='lat' dir='ltr'><strong>dperegcrat</strong></span> <span class='ocrx_word' id='word_1_261' title='bbox 627 3322 773 3373; x_wconf 82' lang='lat' dir='ltr'><strong>Beroaldus</strong></span> <span class='ocrx_word' id='word_1_262' title='bbox 791 3328 974 3388; x_wconf 82' lang='lat' dir='ltr'><strong>perceperant</strong></span> <span class='ocrx_word' id='word_1_263' title='bbox 991 3337 1008 3371; x_wconf 79' lang='lat' dir='ltr'><strong>a</strong></span> <span class='ocrx_word' id='word_1_264' title='bbox 1150 3360 1152 3364; x_wconf 26' lang='lat' dir='ltr'>v</span> 
     </span>
    </p>

    <p class='ocr_par' dir='ltr' id='par_1_16' title="bbox 132 3389 1365 3462">
     <span class='ocr_line' id='line_1_33' title="bbox 132 3389 1365 3462; baseline -0.001 -21"><span class='ocrx_word' id='word_1_265' title='bbox 132 3418 135 3422; x_wconf 92' lang='lat'>·</span> <span class='ocrx_word' id='word_1_266' title='bbox 231 3389 305 3441; x_wconf 79' lang='lat' dir='ltr'><strong>CXX</strong></span> <span class='ocrx_word' id='word_1_267' title='bbox 328 3392 371 3443; x_wconf 92' lang='lat' dir='ltr'><strong>De</strong></span> <span class='ocrx_word' id='word_1_268' title='bbox 394 3390 627 3462; x_wconf 87' lang='lat' dir='ltr'><strong>Diplomatibus</strong></span> <span class='ocrx_word' id='word_1_269' title='bbox 637 3390 774 3442; x_wconf 80' lang='lat' dir='ltr'>LXXIII.</span> <span class='ocrx_word' id='word_1_270' title='bbox 792 3391 816 3439; x_wconf 96' lang='lat' dir='ltr'>A</span> <span class='ocrx_word' id='word_1_271' title='bbox 919 3394 951 3442; x_wconf 88' lang='grc'><strong>10</strong></span> <span class='ocrx_word' id='word_1_272' title='bbox 968 3390 1192 3442; x_wconf 83' lang='lat' dir='ltr'><strong>obseruationem</strong></span> <span class='ocrx_word' id='word_1_273' title='bbox 1213 3392 1365 3444; x_wconf 80' lang='lat' dir='ltr'><strong>Calaureae</strong></span> 
     </span>
    </p>

    <p class='ocr_par' dir='ltr' id='par_1_17' title="bbox 160 3458 1416 4208">
     <span class='ocr_line' id='line_1_34' title="bbox 160 3458 1366 3542; baseline 0 -32"><span class='ocrx_word' id='word_1_274' title='bbox 160 3459 275 3542; x_wconf 62' lang='lat' dir='ltr'><strong>fortuma</strong></span> <span class='ocrx_word' id='word_1_275' title='bbox 294 3459 427 3510; x_wconf 83' lang='lat' dir='ltr'><strong>rationem</strong></span> <span class='ocrx_word' id='word_1_276' title='bbox 532 3462 564 3512; x_wconf 83' lang='lat'><strong>13</strong></span> <span class='ocrx_word' id='word_1_277' title='bbox 581 3461 737 3524; x_wconf 86' lang='lat' dir='ltr'><strong>sciremque</strong></span> <span class='ocrx_word' id='word_1_278' title='bbox 761 3464 790 3508; x_wconf 86' lang='lat' dir='ltr'><strong>te</strong></span> <span class='ocrx_word' id='word_1_279' title='bbox 808 3458 944 3510; x_wconf 86' lang='lat' dir='ltr'><strong>rationem</strong></span> <span class='ocrx_word' id='word_1_280' title='bbox 962 3459 1110 3511; x_wconf 79' lang='lat' dir='ltr'><strong>Calanaeus</strong></span> <span class='ocrx_word' id='word_1_281' title='bbox 1126 3475 1144 3510; x_wconf 81' lang='lat' dir='ltr'><strong>s</strong></span> <span class='ocrx_word' id='word_1_282' title='bbox 1248 3465 1281 3511; x_wconf 83' lang='lat'><strong>14</strong></span> <span class='ocrx_word' id='word_1_283' title='bbox 1298 3461 1366 3512; x_wconf 84' lang='lat' dir='ltr'><strong>haec</strong></span> 
     </span>
     <span class='ocr_line' id='line_1_35' title="bbox 163 3526 1366 3595; baseline 0.001 -17"><span class='ocrx_word' id='word_1_284' title='bbox 163 3529 276 3594; x_wconf 87' lang='lat' dir='ltr'><strong>scripsi,</strong></span> <span class='ocrx_word' id='word_1_285' title='bbox 297 3529 362 3593; x_wconf 86' lang='lat' dir='ltr'><strong>quia</strong></span> <span class='ocrx_word' id='word_1_286' title='bbox 379 3528 448 3578; x_wconf 86' lang='lat' dir='ltr'><strong>mlhi</strong></span> <span class='ocrx_word' id='word_1_287' title='bbox 466 3544 562 3595; x_wconf 85' lang='lat' dir='ltr'><strong>parum</strong></span> <span class='ocrx_word' id='word_1_288' title='bbox 581 3534 677 3594; x_wconf 80' lang='lat' dir='ltr'><strong>gratus</strong></span> <span class='ocrx_word' id='word_1_289' title='bbox 695 3526 748 3577; x_wconf 87' lang='lat' dir='ltr'><strong>tibi</strong></span> <span class='ocrx_word' id='word_1_290' title='bbox 765 3527 825 3577; x_wconf 86' lang='lat' dir='ltr'><strong>iore</strong></span> <span class='ocrx_word' id='word_1_291' title='bbox 843 3542 861 3577; x_wconf 81' lang='lat' dir='ltr'><strong>s</strong></span> <span class='ocrx_word' id='word_1_292' title='bbox 965 3529 996 3579; x_wconf 77' lang='lat'><strong>15</strong></span> <span class='ocrx_word' id='word_1_293' title='bbox 1016 3529 1040 3578; x_wconf 87' lang='lat' dir='ltr'><strong>si</strong></span> <span class='ocrx_word' id='word_1_294' title='bbox 1059 3528 1279 3579; x_wconf 85' lang='lat' dir='ltr'><strong>dissimulassem</strong></span> <span class='ocrx_word' id='word_1_295' title='bbox 1297 3533 1366 3579; x_wconf 79' lang='lat' dir='ltr'><strong>inter</strong></span> 
     </span>
     <span class='ocr_line' id='line_1_36' title="bbox 162 3594 1366 3662; baseline 0 -16"><span class='ocrx_word' id='word_1_296' title='bbox 162 3595 219 3646; x_wconf 83' lang='lat' dir='ltr'><strong>alia</strong></span> <span class='ocrx_word' id='word_1_297' title='bbox 236 3596 374 3648; x_wconf 86' lang='lat' dir='ltr'><strong>beneficia</strong></span> <span class='ocrx_word' id='word_1_298' title='bbox 391 3597 444 3648; x_wconf 90' lang='lat' dir='ltr'><strong>hoc</strong></span> <span class='ocrx_word' id='word_1_299' title='bbox 462 3613 563 3648; x_wconf 89' lang='lat' dir='ltr'><strong>novum</strong></span> <span class='ocrx_word' id='word_1_300' title='bbox 582 3611 691 3662; x_wconf 89' lang='lat' dir='ltr'><strong>quoque</strong></span> <span class='ocrx_word' id='word_1_301' title='bbox 709 3611 753 3645; x_wconf 88' lang='lat' dir='ltr'><strong>me</strong></span> <span class='ocrx_word' id='word_1_302' title='bbox 771 3594 871 3646; x_wconf 88' lang='lat' dir='ltr'><strong>debere</strong></span> <span class='ocrx_word' id='word_1_303' title='bbox 884 3594 1075 3662; x_wconf 85' lang='lat' dir='ltr'><strong>indulgentiae</strong></span> <span class='ocrx_word' id='word_1_304' title='bbox 1098 3603 1181 3662; x_wconf 83' lang='lat' dir='ltr'><strong>tuae,</strong></span> <span class='ocrx_word' id='word_1_305' title='bbox 1210 3599 1282 3662; x_wconf 91' lang='lat' dir='ltr'><strong>quod</strong></span> <span class='ocrx_word' id='word_1_306' title='bbox 1301 3597 1366 3648; x_wconf 86' lang='lat' dir='ltr'><strong>fidu·</strong></span> 
     </span>
     <span class='ocr_line' id='line_1_37' title="bbox 162 3663 1367 3732; baseline 0 -17"><span class='ocrx_word' id='word_1_307' title='bbox 162 3665 207 3715; x_wconf 87' lang='lat' dir='ltr'><strong>cia</strong></span> <span class='ocrx_word' id='word_1_308' title='bbox 226 3666 285 3716; x_wconf 87' lang='lat' dir='ltr'><strong>eius</strong></span> <span class='ocrx_word' id='word_1_309' title='bbox 304 3666 431 3732; x_wconf 87' lang='lat' dir='ltr'><strong>quamvis</strong></span> <span class='ocrx_word' id='word_1_310' title='bbox 448 3665 607 3717; x_wconf 79' lang='lat' dir='ltr'><strong>inconsulto</strong></span> <span class='ocrx_word' id='word_1_311' title='bbox 621 3670 648 3715; x_wconf 86' lang='lat' dir='ltr'><strong>le</strong></span> <span class='ocrx_word' id='word_1_312' title='bbox 666 3680 722 3715; x_wconf 90' lang='lat' dir='ltr'><strong>non</strong></span> <span class='ocrx_word' id='word_1_313' title='bbox 735 3663 874 3723; x_wconf 84' lang='lat' dir='ltr'><strong>dubitavi,</strong></span> <span class='ocrx_word' id='word_1_314' title='bbox 894 3679 972 3729; x_wconf 85' lang='lat' dir='ltr'><strong>quern</strong></span> <span class='ocrx_word' id='word_1_315' title='bbox 992 3667 1017 3714; x_wconf 89' lang='lat' dir='ltr'><strong>si</strong></span> <span class='ocrx_word' id='word_1_316' title='bbox 1028 3666 1239 3728; x_wconf 86' lang='lat' dir='ltr'><strong>consuluissem,</strong></span> <span class='ocrx_word' id='word_1_317' title='bbox 1259 3667 1367 3718; x_wconf 83' lang='lat' dir='ltr'><strong>scilicet</strong></span> 
     </span>
     <span class='ocr_line' id='line_1_38' title="bbox 161 3700 1365 3801; baseline 0.002 -19"><span class='ocrx_word' id='word_1_318' title='bbox 161 3748 224 3784; x_wconf 86' lang='lat' dir='ltr'><strong>sero</strong></span> <span class='ocrx_word' id='word_1_319' title='bbox 243 3733 374 3786; x_wconf 81' lang='lat' dir='ltr'><strong>fecissem</strong></span> <span class='ocrx_word' id='word_1_320' title='bbox 393 3733 503 3785; x_wconf 79' lang='lat' dir='ltr'><strong>Orellr&#39;us</strong></span> <span class='ocrx_word' id='word_1_321' title='bbox 555 3735 607 3784; x_wconf 88' lang='lat' dir='ltr'><strong>hoc</strong></span> <span class='ocrx_word' id='word_1_322' title='bbox 625 3748 732 3800; x_wconf 87' lang='lat' dir='ltr'><strong>quoque</strong></span> <span class='ocrx_word' id='word_1_323' title='bbox 756 3748 798 3782; x_wconf 90' lang='lat' dir='ltr'><strong>me</strong></span> <span class='ocrx_word' id='word_1_324' title='bbox 821 3700 923 3783; x_wconf 80' lang='lat' dir='ltr'><strong>deliere</strong></span> <span class='ocrx_word' id='word_1_325' title='bbox 944 3733 1072 3784; x_wconf 76' lang='lat' dir='ltr'><strong>Gesnerus</strong></span> <span class='ocrx_word' id='word_1_326' title='bbox 1089 3734 1143 3785; x_wconf 88' lang='lat' dir='ltr'><strong>hoc</strong></span> <span class='ocrx_word' id='word_1_327' title='bbox 1160 3750 1215 3785; x_wconf 90' lang='lat' dir='ltr'><strong>nno</strong></span> <span class='ocrx_word' id='word_1_328' title='bbox 1234 3736 1306 3801; x_wconf 87' lang='lat' dir='ltr'><strong>quod</strong></span> <span class='ocrx_word' id='word_1_329' title='bbox 1326 3751 1365 3784; x_wconf 86' lang='lat' dir='ltr'><strong>ms</strong></span> 
     </span>
     <span class='ocr_line' id='line_1_39' title="bbox 160 3800 1365 3869; baseline 0.001 -18"><span class='ocrx_word' id='word_1_330' title='bbox 160 3800 262 3854; x_wconf 87' lang='lat' dir='ltr'><strong>debere</strong></span> <span class='ocrx_word' id='word_1_331' title='bbox 280 3804 303 3851; x_wconf 93' lang='lat' dir='ltr'>A</span> <span class='ocrx_word' id='word_1_332' title='bbox 330 3803 382 3852; x_wconf 86' lang='lat' dir='ltr'><strong>hoe</strong></span> <span class='ocrx_word' id='word_1_333' title='bbox 409 3818 463 3852; x_wconf 89' lang='lat' dir='ltr'><strong>uno</strong></span> <span class='ocrx_word' id='word_1_334' title='bbox 483 3817 591 3868; x_wconf 89' lang='lat' dir='ltr'><strong>quoque</strong></span> <span class='ocrx_word' id='word_1_335' title='bbox 615 3818 657 3852; x_wconf 88' lang='lat' dir='ltr'><strong>me</strong></span> <span class='ocrx_word' id='word_1_336' title='bbox 676 3800 774 3852; x_wconf 86' lang='lat' dir='ltr'><strong>debere</strong></span> <span class='ocrx_word' id='word_1_337' title='bbox 792 3801 940 3852; x_wconf 80' lang='lat' dir='ltr'><strong>Beroaldus</strong></span> <span class='ocrx_word' id='word_1_338' title='bbox 958 3803 1010 3853; x_wconf 88' lang='lat' dir='ltr'><strong>hoc</strong></span> <span class='ocrx_word' id='word_1_339' title='bbox 1027 3819 1112 3853; x_wconf 89' lang='lat' dir='ltr'><strong>unum</strong></span> <span class='ocrx_word' id='word_1_340' title='bbox 1130 3818 1239 3869; x_wconf 88' lang='lat' dir='ltr'><strong>quoque</strong></span> <span class='ocrx_word' id='word_1_341' title='bbox 1259 3820 1302 3853; x_wconf 92' lang='lat' dir='ltr'><strong>me</strong></span> <span class='ocrx_word' id='word_1_342' title='bbox 1321 3803 1365 3853; x_wconf 89' lang='lat' dir='ltr'><strong>de·</strong></span> 
     </span>
     <span class='ocr_line' id='line_1_40' title="bbox 161 3868 1366 3954; baseline 0 -34"><span class='ocrx_word' id='word_1_343' title='bbox 161 3869 228 3921; x_wconf 84' lang='lat' dir='ltr'><strong>bere</strong></span> <span class='ocrx_word' id='word_1_344' title='bbox 249 3870 394 3920; x_wconf 75' lang='lat' dir='ltr'><strong>Celaeneus</strong></span> <span class='ocrx_word' id='word_1_345' title='bbox 411 3870 464 3922; x_wconf 88' lang='lat' dir='ltr'><strong>hoe</strong></span> <span class='ocrx_word' id='word_1_346' title='bbox 483 3886 566 3920; x_wconf 89' lang='lat' dir='ltr'><strong>unum</strong></span> <span class='ocrx_word' id='word_1_347' title='bbox 584 3869 658 3935; x_wconf 88' lang='lat' dir='ltr'><strong>qnod</strong></span> <span class='ocrx_word' id='word_1_348' title='bbox 677 3885 719 3919; x_wconf 89' lang='lat' dir='ltr'><strong>me</strong></span> <span class='ocrx_word' id='word_1_349' title='bbox 742 3868 840 3920; x_wconf 89' lang='lat' dir='ltr'><strong>debere</strong></span> <span class='ocrx_word' id='word_1_350' title='bbox 863 3870 985 3920; x_wconf 86' lang='lat' dir='ltr'><strong>sciebam</strong></span> <span class='ocrx_word' id='word_1_351' title='bbox 1003 3886 1021 3921; x_wconf 83' lang='lat' dir='ltr'><strong>s</strong></span> <span class='ocrx_word' id='word_1_352' title='bbox 1066 3891 1069 3896; x_wconf 94' lang='lat'>·</span> <span class='ocrx_word' id='word_1_353' title='bbox 1125 3875 1155 3923; x_wconf 76' lang='lat'><strong>16</strong></span> <span class='ocrx_word' id='word_1_354' title='bbox 1175 3871 1249 3954; x_wconf 81' lang='lat' dir='ltr'><strong>quod</strong></span> <span class='ocrx_word' id='word_1_355' title='bbox 1267 3872 1366 3922; x_wconf 82' lang='lat' dir='ltr'><strong>fiducia</strong></span> 
     </span>
     <span class='ocr_line' id='line_1_41' title="bbox 162 3938 1366 4005; baseline 0.002 -16"><span class='ocrx_word' id='word_1_356' title='bbox 162 3938 221 3989; x_wconf 86' lang='lat' dir='ltr'><strong>eius</strong></span> <span class='ocrx_word' id='word_1_357' title='bbox 241 3954 297 4005; x_wconf 86' lang='lat' dir='ltr'><strong>qua</strong></span> <span class='ocrx_word' id='word_1_358' title='bbox 313 3939 472 3989; x_wconf 85' lang='lat' dir='ltr'><strong>inconsulto</strong></span> <span class='ocrx_word' id='word_1_359' title='bbox 499 3944 528 3988; x_wconf 83' lang='lat' dir='ltr'><strong>te</strong></span> <span class='ocrx_word' id='word_1_360' title='bbox 556 3954 611 3990; x_wconf 89' lang='lat' dir='ltr'><strong>non</strong></span> <span class='ocrx_word' id='word_1_361' title='bbox 630 3938 771 3989; x_wconf 83' lang='lat' dir='ltr'><strong>dubitaui:</strong></span> <span class='ocrx_word' id='word_1_362' title='bbox 799 3955 879 4004; x_wconf 87' lang='lat' dir='ltr'><strong>quem</strong></span> <span class='ocrx_word' id='word_1_363' title='bbox 898 3940 924 3988; x_wconf 90' lang='lat' dir='ltr'><strong>si</strong></span> <span class='ocrx_word' id='word_1_364' title='bbox 942 3938 1157 3991; x_wconf 88' lang='lat' dir='ltr'><strong>consuluissem.</strong></span> <span class='ocrx_word' id='word_1_365' title='bbox 1185 3941 1227 3990; x_wconf 85' lang='lat' dir='ltr'><strong>sie</strong></span> <span class='ocrx_word' id='word_1_366' title='bbox 1245 3957 1308 3991; x_wconf 89' lang='lat' dir='ltr'><strong>sero</strong></span> <span class='ocrx_word' id='word_1_367' title='bbox 1327 3942 1366 3991; x_wconf 85' lang='lat' dir='ltr'><strong>le·</strong></span> 
     </span>
     <span class='ocr_line' id='line_1_42' title="bbox 161 4006 1364 4074; baseline 0 -16"><span class='ocrx_word' id='word_1_368' title='bbox 161 4007 262 4058; x_wconf 79' lang='lat' dir='ltr'><strong>cissam</strong></span> <span class='ocrx_word' id='word_1_369' title='bbox 279 4006 303 4057; x_wconf 89' lang='lat' dir='ltr'>A</span> <span class='ocrx_word' id='word_1_370' title='bbox 321 4007 393 4072; x_wconf 89' lang='lat' dir='ltr'><strong>quod</strong></span> <span class='ocrx_word' id='word_1_371' title='bbox 410 4006 512 4058; x_wconf 87' lang='lat' dir='ltr'><strong>fiducia</strong></span> <span class='ocrx_word' id='word_1_372' title='bbox 535 4008 595 4058; x_wconf 88' lang='lat' dir='ltr'><strong>eius</strong></span> <span class='ocrx_word' id='word_1_373' title='bbox 619 4007 777 4057; x_wconf 86' lang='lat' dir='ltr'><strong>inconsulto</strong></span> <span class='ocrx_word' id='word_1_374' title='bbox 794 4014 824 4057; x_wconf 81' lang='lat' dir='ltr'><strong>le</strong></span> <span class='ocrx_word' id='word_1_375' title='bbox 843 4008 1005 4073; x_wconf 81' lang='lat' dir='ltr'><strong>praeripere</strong></span> <span class='ocrx_word' id='word_1_376' title='bbox 1033 4024 1088 4058; x_wconf 89' lang='lat' dir='ltr'><strong>non</strong></span> <span class='ocrx_word' id='word_1_377' title='bbox 1116 4008 1258 4059; x_wconf 83' lang='lat' dir='ltr'><strong>dubitaui:</strong></span> <span class='ocrx_word' id='word_1_378' title='bbox 1287 4024 1364 4074; x_wconf 88' lang='lat' dir='ltr'><strong>quem</strong></span> 
     </span>
     <span class='ocr_line' id='line_1_43' title="bbox 162 4076 1416 4141; baseline 0.001 -15"><span class='ocrx_word' id='word_1_379' title='bbox 162 4076 187 4126; x_wconf 92' lang='lat' dir='ltr'><strong>si</strong></span> <span class='ocrx_word' id='word_1_380' title='bbox 205 4076 407 4128; x_wconf 88' lang='lat' dir='ltr'><strong>consuluissem</strong></span> <span class='ocrx_word' id='word_1_381' title='bbox 426 4078 468 4125; x_wconf 87' lang='lat' dir='ltr'><strong>sic</strong></span> <span class='ocrx_word' id='word_1_382' title='bbox 485 4091 547 4126; x_wconf 90' lang='lat' dir='ltr'><strong>sero</strong></span> <span class='ocrx_word' id='word_1_383' title='bbox 566 4076 715 4126; x_wconf 85' lang='lat' dir='ltr'><strong>laecissem</strong></span> <span class='ocrx_word' id='word_1_384' title='bbox 728 4076 874 4126; x_wconf 80' lang='lat' dir='ltr'><strong>Celaeneus</strong></span> <span class='ocrx_word' id='word_1_385' title='bbox 893 4076 966 4141; x_wconf 89' lang='lat' dir='ltr'><strong>quod</strong></span> <span class='ocrx_word' id='word_1_386' title='bbox 983 4076 1086 4127; x_wconf 83' lang='lat' dir='ltr'><strong>fiducia</strong></span> <span class='ocrx_word' id='word_1_387' title='bbox 1105 4078 1180 4137; x_wconf 87' lang='lat' dir='ltr'><strong>eius,</strong></span> <span class='ocrx_word' id='word_1_388' title='bbox 1201 4079 1282 4141; x_wconf 84' lang='lat' dir='ltr'><strong>qnasi</strong></span> <span class='ocrx_word' id='word_1_389' title='bbox 1302 4093 1366 4127; x_wconf 66' lang='lat' dir='ltr'><strong>con⁴</strong></span> <span class='ocrx_word' id='word_1_390' title='bbox 1412 4114 1416 4121; x_wconf 86' lang='lat'><em>.</em></span> 
     </span>
     <span class='ocr_line' id='line_1_44' title="bbox 161 4143 1410 4208; baseline 0.003 -15"><span class='ocrx_word' id='word_1_391' title='bbox 161 4143 234 4194; x_wconf 90' lang='lat' dir='ltr'><strong>sulto</strong></span> <span class='ocrx_word' id='word_1_392' title='bbox 253 4151 282 4196; x_wconf 88' lang='lat' dir='ltr'><strong>te</strong></span> <span class='ocrx_word' id='word_1_393' title='bbox 301 4160 355 4196; x_wconf 89' lang='lat' dir='ltr'><strong>non</strong></span> <span class='ocrx_word' id='word_1_394' title='bbox 374 4144 502 4194; x_wconf 86' lang='lat' dir='ltr'><strong>dubitaui</strong></span> <span class='ocrx_word' id='word_1_395' title='bbox 521 4144 625 4204; x_wconf 85' lang='lat' dir='ltr'><strong>facere,</strong></span> <span class='ocrx_word' id='word_1_396' title='bbox 638 4159 720 4208; x_wconf 86' lang='lat' dir='ltr'><strong>quam</strong></span> <span class='ocrx_word' id='word_1_397' title='bbox 740 4145 763 4194; x_wconf 94' lang='lat' dir='ltr'><strong>si</strong></span> <span class='ocrx_word' id='word_1_398' title='bbox 782 4145 979 4197; x_wconf 87' lang='lat' dir='ltr'><strong>consuluissem</strong></span> <span class='ocrx_word' id='word_1_399' title='bbox 1000 4161 1061 4196; x_wconf 86' lang='lat' dir='ltr'><strong>sero</strong></span> <span class='ocrx_word' id='word_1_400' title='bbox 1082 4145 1213 4196; x_wconf 86' lang='lat' dir='ltr'><strong>iecissem</strong></span> <span class='ocrx_word' id='word_1_401' title='bbox 1231 4160 1249 4194; x_wconf 84' lang='lat' dir='ltr'><strong>s</strong></span> <span class='ocrx_word' id='word_1_402' title='bbox 1407 4192 1410 4197; x_wconf 92' lang='lat'>.</span> 
     </span>
    </p>

    <p class='ocr_par' dir='ltr' id='par_1_18' title="bbox 159 4212 1366 4624">
     <span class='ocr_line' id='line_1_45' title="bbox 230 4212 1365 4279; baseline -0.002 -15"><span class='ocrx_word' id='word_1_403' title='bbox 230 4213 320 4265; x_wconf 82' lang='lat' dir='ltr'>CXXI</span> <span class='ocrx_word' id='word_1_404' title='bbox 338 4216 371 4264; x_wconf 75' lang='lat'><strong>20</strong></span> <span class='ocrx_word' id='word_1_405' title='bbox 389 4229 440 4263; x_wconf 89' lang='lat' dir='ltr'><strong>nee</strong></span> <span class='ocrx_word' id='word_1_406' title='bbox 467 4212 646 4262; x_wconf 81' lang='lat' dir='ltr'><strong>dubitandum</strong></span> <span class='ocrx_word' id='word_1_407' title='bbox 675 4214 729 4262; x_wconf 83' lang='lat' dir='ltr'><strong>fuir</strong></span> <span class='ocrx_word' id='word_1_408' title='bbox 755 4214 808 4262; x_wconf 85' lang='lat' dir='ltr'><strong>libi</strong></span> <span class='ocrx_word' id='word_1_409' title='bbox 827 4215 923 4264; x_wconf 84' lang='lat' dir='ltr'><strong>facere</strong></span> <span class='ocrx_word' id='word_1_410' title='bbox 947 4230 1020 4279; x_wconf 86' lang='lat' dir='ltr'><strong>qnae</strong></span> <span class='ocrx_word' id='word_1_411' title='bbox 1043 4230 1106 4264; x_wconf 85' lang='lat' dir='ltr'><strong>sero</strong></span> <span class='ocrx_word' id='word_1_412' title='bbox 1125 4214 1241 4263; x_wconf 84' lang='lat' dir='ltr'><strong>fecisses</strong></span> <span class='ocrx_word' id='word_1_413' title='bbox 1269 4215 1292 4262; x_wconf 87' lang='lat' dir='ltr'><strong>si</strong></span> <span class='ocrx_word' id='word_1_414' title='bbox 1322 4230 1365 4262; x_wconf 83' lang='lat' dir='ltr'><strong>ex-</strong></span> 
     </span>
     <span class='ocr_line' id='line_1_46' title="bbox 161 4280 1365 4349; baseline -0.001 -18"><span class='ocrx_word' id='word_1_415' title='bbox 161 4287 307 4347; x_wconf 86' lang='lat' dir='ltr'><strong>pectasses</strong></span> <span class='ocrx_word' id='word_1_416' title='bbox 325 4283 495 4334; x_wconf 48' lang='lat' dir='ltr'><strong>ullommsenus</strong></span> <span class='ocrx_word' id='word_1_417' title='bbox 514 4297 566 4331; x_wconf 88' lang='lat' dir='ltr'><strong>nec</strong></span> <span class='ocrx_word' id='word_1_418' title='bbox 585 4280 765 4331; x_wconf 86' lang='lat' dir='ltr'><strong>dubitandum</strong></span> <span class='ocrx_word' id='word_1_419' title='bbox 785 4283 871 4333; x_wconf 85' lang='lat' dir='ltr'><strong>luisse</strong></span> <span class='ocrx_word' id='word_1_420' title='bbox 890 4285 915 4332; x_wconf 88' lang='lat' dir='ltr'><strong>si</strong></span> <span class='ocrx_word' id='word_1_421' title='bbox 931 4287 1109 4349; x_wconf 83' lang='lat' dir='ltr'><strong>expectasset</strong></span> <span class='ocrx_word' id='word_1_422' title='bbox 1127 4282 1149 4331; x_wconf 94' lang='lat' dir='ltr'>A</span> <span class='ocrx_word' id='word_1_423' title='bbox 1167 4297 1221 4332; x_wconf 88' lang='lat' dir='ltr'><strong>nec</strong></span> <span class='ocrx_word' id='word_1_424' title='bbox 1238 4280 1365 4332; x_wconf 85' lang='lat' dir='ltr'><strong>dubitan-</strong></span> 
     </span>
     <span class='ocr_line' id='line_1_47' title="bbox 161 4348 1366 4417; baseline 0.001 -18"><span class='ocrx_word' id='word_1_425' title='bbox 161 4348 224 4399; x_wconf 87' lang='lat' dir='ltr'><strong>dum</strong></span> <span class='ocrx_word' id='word_1_426' title='bbox 242 4351 331 4402; x_wconf 85' lang='lat' dir='ltr'><strong>luisse</strong></span> <span class='ocrx_word' id='word_1_427' title='bbox 350 4352 374 4401; x_wconf 90' lang='lat' dir='ltr'><strong>si</strong></span> <span class='ocrx_word' id='word_1_428' title='bbox 393 4356 575 4417; x_wconf 83' lang='lat' dir='ltr'><strong>expectasses</strong></span> <span class='ocrx_word' id='word_1_429' title='bbox 593 4349 740 4400; x_wconf 80' lang='lat' dir='ltr'><strong>Beroaldus</strong></span> <span class='ocrx_word' id='word_1_430' title='bbox 758 4366 813 4400; x_wconf 90' lang='lat' dir='ltr'><strong>non</strong></span> <span class='ocrx_word' id='word_1_431' title='bbox 836 4351 1019 4402; x_wconf 87' lang='lat' dir='ltr'><strong>dubitandum</strong></span> <span class='ocrx_word' id='word_1_432' title='bbox 1038 4353 1125 4402; x_wconf 83' lang='lat' dir='ltr'><strong>luisse</strong></span> <span class='ocrx_word' id='word_1_433' title='bbox 1144 4352 1169 4400; x_wconf 87' lang='lat' dir='ltr'><strong>si</strong></span> <span class='ocrx_word' id='word_1_434' title='bbox 1188 4356 1366 4415; x_wconf 79' lang='lat' dir='ltr'><strong>expectasses</strong></span> 
     </span>
     <span class='ocr_line' id='line_1_48' title="bbox 161 4417 1366 4486; baseline 0.001 -19"><span class='ocrx_word' id='word_1_435' title='bbox 161 4417 308 4470; x_wconf 75' lang='lat' dir='ltr'><strong>Coronaeus</strong></span> <span class='ocrx_word' id='word_1_436' title='bbox 326 4435 377 4470; x_wconf 88' lang='lat' dir='ltr'><strong>nec</strong></span> <span class='ocrx_word' id='word_1_437' title='bbox 396 4419 578 4469; x_wconf 83' lang='lat' dir='ltr'><strong>dubitandum</strong></span> <span class='ocrx_word' id='word_1_438' title='bbox 598 4418 702 4470; x_wconf 85' lang='lat' dir='ltr'><strong>luisset.</strong></span> <span class='ocrx_word' id='word_1_439' title='bbox 722 4421 746 4468; x_wconf 89' lang='lat' dir='ltr'><strong>si</strong></span> <span class='ocrx_word' id='word_1_440' title='bbox 769 4426 983 4486; x_wconf 80' lang='lat' dir='ltr'><strong>expectaseess</strong></span> <span class='ocrx_word' id='word_1_441' title='bbox 1069 4423 1103 4471; x_wconf 76' lang='lat'><strong>‘23</strong></span> <span class='ocrx_word' id='word_1_442' title='bbox 1121 4425 1209 4470; x_wconf 82' lang='lat' dir='ltr'><strong>esset:</strong></span> <span class='ocrx_word' id='word_1_443' title='bbox 1238 4435 1299 4470; x_wconf 87' lang='lat' dir='ltr'><strong>cum</strong></span> <span class='ocrx_word' id='word_1_444' title='bbox 1318 4420 1366 4469; x_wconf 82' lang='lat' dir='ltr'><strong>Ga·</strong></span> 
     </span>
     <span class='ocr_line' id='line_1_49' title="bbox 161 4487 1366 4553; baseline 0.002 -17"><span class='ocrx_word' id='word_1_445' title='bbox 161 4493 268 4538; x_wconf 81' lang='lat' dir='ltr'><strong>lenaeus</strong></span> <span class='ocrx_word' id='word_1_446' title='bbox 286 4494 377 4539; x_wconf 82' lang='lat' dir='ltr'><strong>esset:</strong></span> <span class='ocrx_word' id='word_1_447' title='bbox 397 4495 504 4539; x_wconf 87' lang='lat' dir='ltr'><strong>etcum</strong></span> <span class='ocrx_word' id='word_1_448' title='bbox 522 4487 670 4538; x_wconf 81' lang='lat' dir='ltr'><strong>Beroaldus</strong></span> <span class='ocrx_word' id='word_1_449' title='bbox 689 4502 764 4539; x_wconf 85' lang='lat' dir='ltr'><strong>esse:</strong></span> <span class='ocrx_word' id='word_1_450' title='bbox 784 4496 813 4539; x_wconf 82' lang='lat' dir='ltr'><strong>et</strong></span> <span class='ocrx_word' id='word_1_451' title='bbox 832 4506 894 4540; x_wconf 89' lang='lat' dir='ltr'><strong>cum</strong></span> <span class='ocrx_word' id='word_1_452' title='bbox 912 4492 935 4539; x_wconf 92' lang='lat' dir='ltr'>A</span> <span class='ocrx_word' id='word_1_453' title='bbox 955 4494 1044 4553; x_wconf 87' lang='lat' dir='ltr'><strong>esset,</strong></span> <span class='ocrx_word' id='word_1_454' title='bbox 1064 4504 1143 4538; x_wconf 85' lang='lat' dir='ltr'><strong>usurn</strong></span> <span class='ocrx_word' id='word_1_455' title='bbox 1163 4503 1258 4539; x_wconf 85' lang='lat' dir='ltr'><strong>eorum</strong></span> <span class='ocrx_word' id='word_1_456' title='bbox 1277 4489 1366 4538; x_wconf 79' lang='lat' dir='ltr'><strong>inten-</strong></span> 
     </span>
     <span class='ocr_line' id='line_1_50' title="bbox 159 4556 673 4624; baseline 0 -20"><span class='ocrx_word' id='word_1_457' title='bbox 159 4556 230 4605; x_wconf 87' lang='lat' dir='ltr'><strong>llcni</strong></span> <span class='ocrx_word' id='word_1_458' title='bbox 249 4561 314 4607; x_wconf 84' lang='lat' dir='ltr'><strong>luae</strong></span> <span class='ocrx_word' id='word_1_459' title='bbox 334 4573 390 4608; x_wconf 90' lang='lat' dir='ltr'><strong>non</strong></span> <span class='ocrx_word' id='word_1_460' title='bbox 407 4557 556 4624; x_wconf 85' lang='lat' dir='ltr'><strong>proluisse,</strong></span> <span class='ocrx_word' id='word_1_461' title='bbox 575 4572 636 4608; x_wconf 87' lang='lat' dir='ltr'><strong>curn</strong></span> <span class='ocrx_word' id='word_1_462' title='bbox 655 4570 673 4604; x_wconf 85' lang='lat' dir='ltr'><strong>s</strong></span> 
     </span>
    </p>
   </div>
   <div class='ocr_carea' id='block_1_12' title="bbox 0 0 1472 4965">
    <p class='ocr_par' dir='ltr' id='par_1_19' title="bbox 0 0 1472 4965">
     <span class='ocr_line' id='line_1_51' title="bbox 0 0 1472 4965; baseline 0 0"><span class='ocrx_word' id='word_1_463' title='bbox 0 0 1472 4965; x_wconf 95' lang='lat' dir='ltr'><strong> </strong></span> 
     </span>
    </p>
   </div>
  </div>
 </body>
</html>
