2934 4966
168 277 234 346 260
465 253 469 258 ’
686 253 726 342 o.
748 290 848 342 eamr

169 453 271 533 stum,
300 449 455 535 obrepere
475 448 625 534 urbanis,
652 447 709 535 qui
735 468 824 514 nuno
851 447 981 515 rusticis
1002 450 1161 535 praesunt
1180 468 1304 535 meque
1324 467 1384 513 no-

133 573 141 584 ·
167 550 261 618 ariis
283 553 317 617 et
336 549 510 630 lectoribus
532 553 741 639 reliquerunt.
773 549 857 617 vale.
891 614 895 622 .

725 719 816 790 m

495 847 528 902 C.
546 845 697 901 PLINIUS
714 844 911 899 SABINIANO
929 843 1001 900 SUO
1020 845 1048 901 S.
1083 846 1090 857 “

141 967 158 1030 1
252 965 403 1032 Libertus
424 968 514 1050 tuus,
543 964 596 1049 cui
616 981 803 1030 suscensere
823 966 857 1029 te
871 963 1021 1049 dixeras,
1050 960 1143 1030 venit
1169 963 1213 1030 ad
1239 984 1296 1030 me
1324 964 1405 1031 ad-s
1433 953 1457 970 ”

167 1068 359 1156 volatusque
384 1068 521 1155 pedibus
548 1066 629 1133 meis
655 1070 821 1152 tamquam
853 1066 920 1132 tuis
946 1065 1065 1132 haesit.
1107 1064 1200 1133 flevit
1224 1065 1381 1152 multum,

166 1172 305 1239 multum
331 1170 476 1257 rogavit,
509 1169 646 1236 multum
675 1169 775 1234 etiam
802 1169 920 1253 tacuit,
952 1168 990 1234 in
1022 1190 1149 1235 summa
1180 1166 1265 1236 lecit
1296 1169 1381 1237 mibi

167 1274 264 1341 fidem
291 1274 523 1360 paenitentiae.
562 1294 637 1339 vere
666 1272 760 1338 credo
789 1272 1011 1356 emendatum,
1039 1271 1116 1358 quia
1141 1270 1317 1357 deliquisse
1345 1294 1382 1339 se
1454 1257 1458 1330 l

139 1375 280 1443 2sentit.
313 1377 479 1461 irasceris,
508 1376 591 1462 seio,
620 1378 655 1442 et
675 1375 824 1442 nasceris
846 1376 980 1459 merito,
1002 1374 1038 1441 id
1059 1395 1185 1463 quoqne
1205 1374 1293 1441 acio:
1322 1375 1381 1441 sed
1452 1373 1458 1480 j

168 1483 248 1545 tunc
262 1480 436 1565 praecipua
450 1478 708 1546 mansuetudinis
721 1478 808 1563 lans,
831 1500 905 1545 eum
919 1478 988 1545 irae
999 1471 1101 1545 'causa
1120 1476 1302 1543 iustissima
1318 1480 1379 1544 est.
1393 1503 1415 1541 u
1452 1523 1458 1570 ὃ

139 1581 286 1648 3amasti
313 1581 478 1648 hominem
505 1586 555 1667 et,
584 1604 693 1668 spero,
724 1582 864 1649 amabis:
886 1580 1020 1649 interim
1040 1580 1166 1648 suffieit
1184 1583 1223 1646 ut
1249 1582 1383 1647 exorari
1452 1577 1458 1610 ³

169 1689 203 1752 te
230 1686 330 1752 sinas.
369 1685 482 1752 licebit
503 1707 614 1752 rursus
635 1686 747 1771 irasci,
775 1685 804 1751 si
831 1684 1000 1770 meruerit,
1029 1684 1114 1771 quod
1142 1687 1296 1751 exoratus
1324 1706 1379 1751 ex·

170 1789 313 1855 ansatius
334 1788 447 1854 facies.
483 1789 612 1855 remitte
629 1788 750 1875 aliquid
772 1787 1013 1854 adulescentiae
1034 1787 1154 1874 ipsius,
1176 1786 1311 1853 remitte
1332 1788 1379 1853 la·
1446 1760 1455 1907 i

170 1890 297 1976 trimis,
319 1891 449 1957 remitte
470 1890 692 1978 indulgentiae
713 1893 807 1956 tuae:
828 1911 871 1957 ne
890 1889 1024 1956 torseris
1044 1888 1155 1974 illum,
1177 1910 1221 1955 ne
1243 1890 1378 1957 tesseris
1447 1910 1453 1957 t

138 1991 267 2060 letiam
288 1997 332 2060 te.
370 1994 531 2081 torqueris
560 1993 665 2078 enim,
697 2014 771 2060 cum
795 1996 864 2058 tam
892 1990 976 2058 lenis
991 1986 1165 2059 'iraaaens
1198 2013 1315 2060 vereor
1335 2014 1411 2060 nea
1448 1981 1454 2049 .'

169 2096 280 2163 ridear
306 2117 374 2162 non
400 2118 533 2184 rogare,
565 2095 622 2161 sed
644 2116 775 2182 cogere,
797 2094 825 2160 si
847 2094 998 2181 precibus
1019 2093 1089 2161 eius
1109 2115 1200 2161 meas
1226 2096 1376 2162 iunxere.
1447 2082 1454 2107 ¹

168 2199 305 2286 iungam
331 2203 443 2267 tamen
470 2202 564 2265 tento
589 2199 718 2286 plenius
744 2200 780 2264 et
806 2196 955 2282 effusius,
988 2200 1111 2285 quanto
1139 2198 1249 2285 ipsum
1270 2199 1377 2265 aerius

169 2303 373 2391 severiusque
396 2301 537 2388 corripui
563 2301 718 2368 destricte
743 2300 890 2367 minatus
916 2322 1095 2387 numquam
1114 2322 1167 2368 me
1189 2303 1307 2388 postea
1328 2322 1377 2367 ro
1435 2345 1453 2389 ··.

170 2408 332 2493 getarum.
365 2405 427 2473 hoc
448 2405 512 2490 illi,
535 2425 631 2491 quem
651 2403 767 2469 terreri
788 2403 975 2489 oportebat,
997 2403 1061 2471 tibi
1078 2425 1146 2471 non
1166 2403 1266 2471 idem.
1298 2409 1377 2471 nam

168 2509 306 2576 fortasse
327 2508 446 2576 iterum
467 2508 605 2595 rogabo,
627 2506 808 2594 impetrabo
828 2506 962 2574 iterum:
991 2507 1036 2572 sit
1056 2507 1151 2574 modo
1178 2506 1307 2577 talant
1327 2529 1410 2577 ron

169 2633 249 2701 gare
269 2633 337 2698 me,
358 2615 396 2678 ut
417 2614 583 2699 praestare
603 2614 637 2678 te
659 2611 782 2677 deceat.
817 2610 899 2676 vale.
1208 2654 1210 2658 ψ

520 2904 551 2963 0.
567 2904 717 2959 PLINIUS
735 2903 881 2960 SEVERO
899 2903 1018 2961 SUOS.

143 3028 160 3091 1
256 3022 381 3112 Magna
401 2993 454 3090 me
475 3023 692 3090 sollieitudine
714 3023 835 3090 adfecit
853 3021 1014 3089 Passenni
1033 3022 1131 3090 Pauli
1150 3023 1322 3110 valetudo,
1344 3027 1376 3092 et
1464 2976 1467 3097 l

171 3126 300 3213 quidem
328 3126 475 3212 plurimis
501 3126 748 3213 iustissimisque
777 3125 817 3192 de
844 3126 960 3193 causis.
991 3125 1043 3192 uir
1063 3130 1115 3194 est
1134 3126 1294 3222 optimus,
1321 3128 1407 3193 hou
1464 3105 1467 3238 q

240 3391 254 3440 1
272 3387 394 3440 urbanus
411 3402 428 3451 p
446 3387 547 3439 urbani
564 3404 581 3437 ι
649 3401 748 3452 meque
766 3386 883 3438 notoriis
900 3389 929 3436 Ι
951 3402 1050 3453 meque
1070 3390 1099 3438 et
1116 3386 1236 3438 notariis
1253 3398 1294 3443 ις

239 3456 307 3509 XXI
325 3457 341 3508 5
359 3461 539 3508 succenseret
556 3456 706 3507 dixerasD
792 3458 807 3505 6
835 3456 913 3507 fleuit
929 3455 1047 3507 multum
1064 3454 1180 3506 multum
1198 3456 1313 3522 rogauit
1329 3459 1376 3506 lt

172 3527 250 3578 fleuit
267 3525 382 3577 multum
401 3526 514 3591 rogauit
531 3527 595 3588 Dpr
616 3525 694 3575 fleuit
716 3524 832 3575 multum
850 3524 1022 3590 multumque
1045 3524 1162 3590 rogauit
1182 3527 1257 3588 culpo
1360 3526 1382 3576 l
1466 3521 1467 3526 ’

173 3591 270 3661 etiam]
290 3600 319 3646 et
335 3597 357 3645 o
443 3597 460 3647 8
478 3595 669 3660 poenitentiae
692 3593 774 3645 fidem
791 3607 827 3656 pr
912 3597 928 3645 9
946 3592 976 3644 id
995 3607 1103 3659 quoque
1122 3593 1183 3644 scio
1200 3593 1276 3649 15·
1293 3593 1375 3659 idque

171 3663 246 3730 quod
264 3664 321 3717 saio
338 3678 375 3727 pr
390 3662 473 3729 idque
492 3663 591 3713 scion
677 3664 710 3712 10
728 3667 793 3713 tunc
811 3663 963 3728 praecipua
979 3664 1031 3711 1⁸
1051 3667 1120 3713 tunc
1139 3676 1249 3729 qnoque
1266 3662 1376 3728 praeci·

172 3749 227 3800 pua
244 3747 281 3797 pr
297 3737 364 3783 tunc
382 3746 508 3798 quaeque
527 3730 717 3797 praecipualt
787 3727 862 3799 cum]
883 3732 969 3782 cuiD
1039 3731 1097 3781 irae
1115 3745 1203 3781 causa
1221 3731 1376 3782 iustissima
1466 3741 1467 3748 ¹

148 3807 216 3870 ¹est
233 3816 250 3851 a
267 3803 325 3853 irae
343 3816 429 3852 causa
448 3816 535 3852 cauae
552 3800 703 3849 iustissima
722 3804 766 3850 est
783 3801 811 3848 lt
836 3800 896 3850 irae
923 3815 1026 3851 causae
1043 3799 1214 3851 iustissimae
1233 3804 1300 3849 sunt
1316 3801 1377 3861 Dpr
1466 3781 1467 3844 l

132 3898 136 3905 -
240 3872 272 3922 11
291 3869 399 3921 sufficis
417 3884 435 3917 a
515 3871 546 3918 12
565 3868 678 3918 siues1>
747 3871 780 3919 13
797 3869 909 3919 remitte
933 3867 1039 3935 aliquid
1056 3867 1270 3920 adulescentiae
1289 3867 1376 3933 ipsius
1466 3889 1467 3924 1

172 3956 221 3992 om.
238 3941 266 3988 lt
361 3939 393 3988 14
410 3942 477 3987 tuae
496 3953 543 3988 om.
561 3939 644 4000 Dpra
747 3951 782 3986 ne
801 3938 915 3988 torseris
937 3936 1016 3987 illurn
1039 3952 1074 3987 ne
1093 3937 1208 3988 torseris
1235 3936 1322 3986 etiam
1349 3939 1374 3984 te
1465 3935 1467 4001 j

172 4008 309 4076 torqueris
328 4007 402 4057 enim
418 4009 469 4055 lta
493 4021 528 4056 ne
556 4007 668 4056 torseris
685 4003 770 4055 etiam
793 4012 820 4056 te
840 4007 1018 4071 torquerisIt
1043 4021 1079 4058 ne
1098 4005 1215 4058 torseris
1232 4004 1319 4055 etiam
1343 4018 1382 4051 ue.

71 4112 79 4124 .
172 4077 364 4143 torqueariap
389 4075 470 4126 illum
487 4090 521 4124 nc
547 4074 661 4125 torseris
681 4074 763 4124 etiarn
782 4079 809 4124 te
828 4076 965 4139 torqueris
983 4076 1056 4126 enirn
1073 4088 1110 4133 ις
1208 4073 1240 4122 16
1258 4086 1315 4120 ιιοιι
1333 4085 1374 4120 ro·
1408 4120 1413 4129 ,

173 4162 241 4211 gare
259 4145 306 4197 sed
324 4159 423 4210 eogere
450 4144 564 4208 ellipse
591 4145 652 4192 add.
671 4142 717 4205 τς)
746 4145 877 4208 precibus
895 4146 986 4199 birsa
1011 4159 1067 4194 non
1094 4158 1193 4209 rogaro
1220 4139 1375 4204 si,cogeris
1399 4198 1406 4207 ¹

172 4214 232 4278 ipse
252 4214 381 4281 precibus
398 4227 414 4275 p
442 4228 540 4277 rogare
559 4227 588 4262 se
608 4212 717 4277 cogeris
734 4211 794 4277 ipse
813 4213 963 4279 praecibus
981 4215 1002 4262 a
1074 4214 1105 4264 18
1124 4208 1251 4261 districte
1272 4220 1309 4262 ις

172 4284 206 4334 20
223 4282 377 4348 impetrabo
394 4281 491 4331 iterum
509 4282 537 4329 lt
554 4280 653 4330 iterum
672 4280 828 4345 impetrabo
844 4284 931 4345 Dpra
975 4308 977 4313 ⁴
1011 4279 1059 4348 sit]
1077 4281 1141 4333 sin
1226 4279 1259 4325 ut
1277 4291 1375 4342 rogare

172 4364 216 4402 me
233 4357 266 4403 ut
282 4355 428 4416 praestare
446 4353 474 4399 te
492 4351 542 4397 Ha
558 4354 589 4399 ut
607 4363 706 4415 rogaro
723 4364 766 4398 me
786 4354 814 4399 et
830 4356 857 4402 te
876 4350 904 4400 id
923 4355 1069 4417 praestare
1086 4360 1122 4404 ις
1148 4348 1180 4396 ut
1200 4359 1331 4410 rogarem
1348 4350 1375 4397 ot
1439 4412 1443 4423 ι

172 4423 203 4468 ut
220 4423 364 4485 praestare
382 4432 399 4481 p
417 4422 449 4467 ut
467 4432 592 4483 rogarem
612 4423 640 4468 et
659 4419 718 4482 egit
735 4425 882 4482 praestare
900 4422 922 4469 D

240 4487 320 4539 XXII
338 4489 371 4538 24
389 4486 499 4537 adlaeit
515 4489 544 4535 H
630 4488 754 4553 passiani
772 4488 840 4550 ltpr
857 4489 1008 4553 passieninr
1024 4489 1047 4538 o
1065 4480 1198 4535 Passenis
1216 4496 1248 4534 ιι
1275 4483 1313 4549 cf.
1335 4483 1374 4534 Vl
1438 4532 1467 4602 Ι

162 4607 245 4667 ΛΗ
314 4605 490 4662 ualitudo!
559 4609 594 4664 25
611 4572 835 4676 iustissimisque
851 4609 881 4658 tt
946 4603 1006 4674 uir]
1024 4605 1119 4666 uiae!
