2934 4966
169 309 282 360 XXXIV
658 306 869 358 inanimo.

167 465 236 530 ΚΣ)
266 467 397 529 dolendo
425 468 562 527 uirorum
584 468 727 543 principi
751 466 918 527 Bernardo
941 466 1053 528 Bembo
1076 465 1254 528 Clarissino
1277 466 1383 542 equiti

167 571 430 648 praestantissimo
463 568 593 630 doctori
623 579 651 629 et
682 576 788 646 optato
826 570 966 630 Veronae
994 572 1140 645 praetori
1170 570 1381 648 Hieronymus
1446 611 1455 617 ψ

167 676 312 733 eertarttius
334 673 514 733 Veronensis
530 671 741 746 foelicitatem.
781 671 867 731 Petri
879 671 1019 732 Leandri
1039 672 1192 733 industria
1213 689 1256 734 ex
1271 672 1379 733 Gallia

166 777 261 836 Plinii
285 777 414 835 irmioris
441 775 486 835 ad
515 773 681 835 Traianum
709 775 854 850 epistolas
876 775 947 834 licet
966 790 1094 836 mancas
1122 775 1379 851 deprauatasque

166 878 340 938 babuimus:
372 893 450 953 quas
480 894 541 953 pro
571 879 659 938 uirili
690 894 758 937 mea
788 879 960 952 castiqatas
985 879 1202 954 impressorem
1229 877 1379 950 beneficio

166 969 345 1041 emittendas
366 981 550 1041 censuimus:
573 981 776 1041 studiosorum
804 980 926 1055 quidem
948 981 1079 1040 utilitati
1103 987 1133 1040 et
1154 979 1253 1040 Plinii
1272 979 1378 1054 dipai·

165 1085 225 1144 tuti
244 1084 300 1143 secl
319 1088 371 1144 tuo
394 1079 534 1159 inprimis
555 1082 708 1144 desiderio
729 1084 927 1144 consulentes.
957 1082 1024 1142 Hos
1042 1084 1123 1142 enim
1146 1097 1230 1143 ames
1249 1062 1377 1143 necesse

164 1192 226 1246 est:
248 1202 316 1246 etna
337 1186 468 1246 secundi
487 1186 631 1260 epistolas
651 1187 696 1246 sic
718 1183 872 1260 usfinqus:
894 1188 928 1245 ut
948 1185 1104 1245 emuleris:
1129 1186 1209 1260 quin
1226 1200 1305 1245 uuus
1326 1185 1374 1245 ui·

164 1289 248 1348 deris
268 1303 372 1348 eorum
394 1288 529 1348 sensibus
542 1289 626 1348 satis
644 1286 756 1361 facere
766 1303 873 1362 posse:
894 1289 948 1363 qui
968 1303 988 1346 o
1011 1285 1167 1348 Ciceronis
1188 1286 1236 1360 (ut
1258 1288 1305 1347 ita
1326 1287 1376 1346 di·

164 1394 248 1464 cam)
277 1391 435 1468 profluuio
469 1396 499 1450 et
531 1390 570 1450 ab
602 1390 692 1451 buius
727 1391 822 1453 Plinii
851 1389 1001 1451 mamiato
1038 1405 1136 1466 neque
1171 1389 1373 1450 abhorreant.

165 1493 307 1554 Marinus
334 1495 413 1554 enim
439 1473 565 1553 sanutus
592 1494 808 1568 inteperrimus
842 1493 980 1553 Veronae
1011 1497 1156 1568 quaestor
1180 1499 1211 1552 et
1237 1491 1374 1571 ciusdem

163 1596 385 1657 commodorum
408 1596 686 1671 appetentissimus:
713 1594 851 1670 idemque
872 1593 1108 1671 praestantibus
1134 1595 1213 1656 uires
1234 1595 1376 1656 omnibus

163 1698 219 1759 sed
240 1699 297 1759 tibi
327 1699 467 1776 inprimis
484 1699 650 1774 plurimum
671 1698 814 1759 addictus
835 1698 912 1757 milti
936 1713 1037 1773 nuper
1063 1697 1194 1759 ostendit
1221 1703 1306 1759 tuom
1329 1699 1377 1758 od

164 1801 292 1861 Dantem
315 1807 451 1862 nostrum
479 1802 676 1862 cultissimum
700 1807 822 1876 poetam
847 1802 1009 1876 epistolam
1041 1800 1174 1861 doctam·
1195 1801 1373 1877 (Iuppiter)

51 1905 56 1914 '
164 1912 193 1965 et
216 1903 472 1967 benceruditam.
510 1901 562 1962 Ito
587 1901 685 1978 probe
711 1904 814 1963 uiuam
836 1903 889 1962 uir
908 1902 1093 1963 clarissime:
1125 1911 1159 1964 ut
1187 1905 1219 1964 in
1239 1919 1277 1964 eo
1297 1905 1373 1964 stilo

163 2007 209 2066 nil
236 2009 338 2083 aptius
364 2007 411 2066 nil
433 2007 605 2080 elepantius
631 2006 675 2065 nll
703 2006 802 2079 muqis
835 2005 978 2066 decorum
1005 2004 1110 2066 obtulit
1135 2012 1223 2066 aetas
1249 2013 1372 2119 uofftra.

163 2108 232 2168 Iam
254 2115 397 2170 exactum
414 2109 532 2169 Aurelii
544 2108 739 2169 Pisaurensis
759 2109 904 2171 iudicium
926 2109 1017 2169 uideo
1028 2107 1200 2184 proboque:
1222 2109 1278 2184 qui
1296 2125 1371 2170 curn

161 2212 314 2287 probitate
337 2210 522 2272 Traianum:
544 2212 730 2272 bumanonte
753 2206 785 2292 [l.
808 2206 1007 2293 humanitate]
1041 2209 1156 2272 Titum:
1181 2227 1287 2274 amore
1307 2228 1368 2287 po·

165 2316 223 2375 trio
247 2314 396 2389 Requlum
419 2322 448 2374 te
469 2312 592 2387 referre
617 2316 806 2375 enuntiarit:
834 2320 897 2374 tum
925 2316 1065 2389 inqenuis
1089 2315 1231 2380 omuibus.
1248 2315 1370 2379 artibus

162 2424 190 2477 te
218 2418 296 2479 adeo
326 2419 443 2493 pollere
469 2418 642 2478 contendit:
675 2424 709 2477 ut
742 2419 774 2478 in
807 2419 960 2492 questione
992 2417 1205 2494 relinquatur:
1238 2409 1374 2494 quonam

166 2505 275 2595 scripti
292 2537 407 2595 qenere
427 2522 561 2581 maxime
580 2525 728 2595 praestes.
767 2519 870 2590 Quare
891 2521 1004 2581 litteris
1025 2528 1055 2580 et
1074 2521 1219 2582 litteralis
1239 2527 1285 2581 est
1296 2536 1376 2597 qra-

144 2670 147 2676 .
173 2623 343 2683 tularrdum.
382 2624 506 2698 quando
528 2623 586 2682 ltoc
613 2630 744 2697 tempore
771 2624 893 2682 minime
914 2623 1014 2682 desint
1039 2624 1101 2683 uiri
1118 2624 1292 2698 principes:
1320 2625 1378 2698 qui

167 2732 197 2784 et
215 2724 484 2801 pbilosopbentur:
513 2731 543 2784 et
564 2725 813 2801 pbilosophorum
841 2725 1059 2784 consuetudine
1080 2725 1273 2786 oblectentur.
1310 2725 1377 2786 Sed

166 2829 340 2903 comprimis
378 2828 562 2909 Veronenses
589 2835 708 2889 nostros
734 2827 950 2901 beatissimos!
979 2820 1015 2904 (f.
1043 2822 1101 2907 2²³)
1130 2844 1247 2890 censeo.
1293 2827 1377 2899 (lteid

164 2932 243 2990 enim
265 2947 322 3005 per
344 2930 432 2990 deum
448 2931 644 2990 immortalem
661 2931 743 2990 ultra
758 2946 888 3006 sperare
902 2929 1032 2989 debeant
1047 2931 1130 2991 ciues
1143 2933 1241 2992 nostri
1253 2930 1374 2991 doctri-

165 3048 276 3093 narum
304 3034 522 3093 omoatissimi:
554 3039 583 3092 te
613 3039 786 3108 praetorem
815 3035 903 3093 nacti
932 3034 1075 3108 optimum
1108 3033 1321 3116 doctissimum
1343 3041 1375 3093 et
1402 3080 1404 3084 Α

166 3135 325 3196 doctorum
354 3135 507 3196 bominum
535 3131 807 3197 studiosissimum?
844 3135 935 3196 Cuius
963 3137 1131 3195 comitatem
1159 3135 1374 3197 dexteritatem

162 3240 360 3320 prudentiam
388 3240 532 3320 iustitiam
561 3247 590 3299 et
617 3240 792 3314 reliqionem
825 3255 884 3299 non
906 3240 996 3299 modo
1015 3238 1222 3314 ferrarienses
1242 3237 1374 3300 Rauen-

164 3349 310 3417 realesque
330 3349 538 3416 aoquouerunt
552 3358 591 3402 uc
613 3343 754 3401 uenerati
781 3347 860 3401 sunt.
905 3342 1018 3402 Verum
1039 3340 1252 3402 liberalitatem
1270 3344 1374 3417 pieta-

163 3450 221 3502 tem
243 3449 273 3503 et
293 3445 428 3519 reliquas
450 3447 482 3505 in
502 3452 530 3505 le
551 3447 686 3520 insiqnes
714 3446 842 3505 uirtutes
870 3460 938 3504 aum
967 3445 1099 3519 optimus
1119 3446 1246 3520 quisque
1274 3443 1375 3505 colat:
1443 3485 1445 3488 >

165 3553 224 3604 tum
253 3548 386 3606 manime
413 3549 610 3608 admirantur
638 3548 865 3623 decantantqae
891 3548 1095 3607 studiosorum
1123 3547 1266 3622 inqeniu:
1296 3563 1374 3622 quos

165 3648 262 3708 indies
290 3664 378 3708 amos
403 3649 545 3711 subleuos
571 3650 665 3727 eripis
695 3648 787 3723 sones
813 3658 855 3709 et¹
870 3651 958 3710 unice
981 3651 1188 3724 amplexaris:
1220 3656 1371 3725 quantum

165 3749 274 3809 debent
294 3751 349 3811 tibi
368 3751 477 3812 llantis
491 3754 664 3814 Florentini
684 3754 766 3814 uotis
786 3754 912 3812 manes?
935 3751 1008 3811 Cum
1030 3767 1109 3812 unus
1128 3750 1299 3812 Rauennae
1319 3753 1374 3812 ia-

58 3858 62 3866 “
164 3859 280 3913 centem
311 3862 490 3931 putremque
522 3858 604 3916 illius
637 3858 783 3917 tumulum
812 3870 985 3915 marmoreo
1011 3860 1042 3913 et
1069 3855 1235 3929 conspicuo
1256 3869 1368 3916 mouu-

164 3962 264 4017 mento
286 3960 423 4017 erexeris
445 3974 484 4018 uc
498 3959 626 4031 mirifice
640 3960 847 4019 decoroueris.
885 3958 1015 4018 Accedit
1027 3957 1234 4032 amplissimae
1245 3959 1371 4033 qloriae

165 4066 236 4118 tune
256 4059 344 4121 Petri
359 4062 420 4134 filii
440 4060 617 4136 Sapientia:
641 4064 694 4138 qui
712 4063 853 4137 paternis
875 4062 1011 4136 uestiqiis
1032 4061 1192 4120 incedens:
1220 4063 1282 4121 iam
1304 4076 1373 4120 om·
1458 4130 1459 4137 χ

164 4161 252 4221 nibus
271 4163 380 4223 studiis
407 4166 632 4225 ornatissimus:
661 4169 856 4241 antiquorum
885 4166 1032 4241 imprimis
1059 4172 1165 4224 uatum
1187 4163 1373 4224 maiestatem
1450 4208 1455 4215 .

165 4264 366 4341 undecunque
386 4247 639 4343 repraesentans:
661 4266 878 4328 recentioribus
899 4267 990 4341 lonqe
999 4271 1153 4342 praestat.
1178 4266 1261 4325 Hinc
1270 4281 1374 4341 prae-

165 4374 212 4425 tor
233 4369 390 4428 lectissime
411 4377 440 4429 et
461 4370 499 4429 ab
521 4373 667 4431 uniuersa
689 4373 817 4432 ciuitate
845 4375 950 4429 nostro
972 4370 1072 4430 multis
1094 4371 1172 4430 uotis
1196 4371 1374 4444 exoptatis·

165 4471 238 4529 sirac
260 4473 369 4545 optimo
384 4473 441 4533 eleo
453 4477 576 4547 qratias
591 4473 744 4534 babemus.
777 4473 976 4547 Eandemque
990 4475 1143 4549 supplices
1156 4473 1375 4548 imploramus:
1399 4490 1401 4494 “

165 4580 199 4636 ut
220 4575 412 4634 sanctissimo
441 4577 618 4638 Venetorum
643 4579 771 4638 Senatui
790 4578 933 4638 eueniunt
965 4576 1039 4636 bene
1061 4581 1180 4652 optata.
1214 4575 1306 4636 Caius
1319 4592 1376 4638 su·
