2934 4966
507 299 511 306 ·
533 305 535 309 ’
553 296 799 349 rapueramus
813 295 856 345 aa.
872 295 914 346 so.
936 297 979 347 ao.
1309 285 1372 352 391

166 453 219 520 cui
240 435 380 539 primum
402 453 545 521 dicatum
571 455 637 540 est,
665 455 713 519 ita
740 454 822 520 haec
849 452 965 540 optimi
994 454 1170 540 appellatio
1197 477 1372 542 numquam
1438 503 1442 510 -

164 554 340 622 memoriae
360 556 530 623 hominum
553 559 624 624 sine
645 561 680 623 te
701 560 859 642 recurret,
888 556 1100 644 quotiensque
1123 558 1246 643 posteri
1263 561 1371 625 nostri

163 657 323 744 optimum
350 660 490 746 aliquem
518 682 635 726 vocare
663 663 836 747 cogentur,
869 659 989 725 totiens
1019 660 1274 727 recordabuntur
1300 663 1372 748 quis

164 763 320 828 meruerit
341 764 459 830 vocam.
546 796 548 801 ·

105 927 107 930 Α
135 883 151 925 s
250 864 380 942 Quanto
409 888 514 952 nunc,
548 866 621 932 dire
642 864 770 950 Nerva,
804 865 923 952 gaudio
949 865 1087 949 frueris,
1122 887 1195 930 cum
1227 866 1316 932 rides
1339 871 1372 935 et
1381 870 1423 936 89

163 988 234 1033 esse
259 969 416 1054 optimum
445 972 479 1035 et
506 962 571 1034 dici
593 991 688 1056 quem
706 972 876 1055 imquam
903 968 1061 1053 optimum
1092 967 1236 1053 elegisti!
1274 991 1370 1056 quam

161 1070 228 1136 laet
213 1074 283 1138 tum
303 1071 366 1138 tibi
388 1072 474 1158 quod
496 1075 701 1189 comparabis
723 1072 790 1137 filio
811 1076 868 1138 tuo
889 1071 1047 1167 vinceris!
1070 1091 1175 1157 neque
1197 1070 1285 1135 enim
1307 1073 1370 1139 alio

162 1175 269 1262 magis
291 1175 491 1262 approbatur
512 1175 613 1240 animi
635 1175 683 1240 tui
698 1173 904 1262 magnitudo,
927 1195 1023 1259 quam
1046 1165 1131 1259 quod
1144 1171 1311 1269 optimus
1301 1197 1370 1260 rpse

161 1298 228 1341 non
250 1276 386 1343 timuisti
411 1277 530 1364 eligere
552 1277 727 1343 meliorem.
765 1276 877 1343 sedet
862 1281 951 1360 ιιι,
974 1279 1069 1362 pater
1097 1275 1249 1359 Traiane,
1279 1276 1368 1362 (nam

123 1399 148 1439 ιι
161 1382 198 1444 ιιι
216 1400 363 1466 quoque,
399 1380 426 1446 si
459 1402 525 1446 uon
558 1381 680 1464 sidera,
714 1382 894 1466 proximam
921 1383 1031 1444 tamen
1060 1378 1219 1444 sideribus
1240 1378 1368 1450 obtines

160 1481 283 1570 sedern)
306 1485 460 1569 quantam
482 1482 855 1570 percipis-voluptatem,
880 1504 952 1548 cum
967 1482 1059 1546 illum
1075 1481 1254 1565 tribunum,
1276 1480 1369 1548 illum

114 1579 117 1584 ’
159 1583 297 1650 militem
318 1589 409 1654 tuum
416 1637 425 1671 ,
455 1588 587 1652 tuntum
609 1587 852 1672 imperatorem,
881 1587 1010 1650 tantum
1045 1585 1229 1670 principem
1264 1586 1369 1652 cernis

160 1709 296 1774 cumque
318 1711 356 1754 eo
377 1689 433 1775 qui
457 1688 624 1774 adoptarit
646 1689 840 1755 amicissime
862 1687 1048 1771 contendis,
1081 1687 1369 1772 pulchriusiuerit

131 1804 134 1813 “
159 1790 311 1876 genuisse
332 1791 432 1856 talem
455 1814 498 1856 an
522 1792 677 1878 elegisse!
700 1796 807 1857 macte
821 1794 956 1877 uterque
978 1790 1106 1875 ingenti
1129 1791 1165 1855 in
1179 1810 1248 1855 rem
1263 1790 1367 1874 publi·

119 1912 232 1958 iscam
252 1893 368 1959 merito
376 1944 385 1978 ,
411 1893 466 1958 cui·
477 1892 539 1959 hoc
553 1898 682 1960 tantum
699 1895 775 1959 boni
790 1893 993 1960 contulistis!
1016 1893 1094 1958 licet
1115 1892 1210 1969 alteri
1225 1898 1367 1958 vestrum

157 1994 218 2060 filii
239 1995 343 2061 virtus
364 1995 593 2083 triumphalia,
618 1988 742 2064 caelum
765 1997 859 2062 alteri
874 1996 1015 2080 dederit,
1039 2017 1106 2061 non
1128 1995 1235 2060 minor
1254 1997 1366 2063 tamen

156 2087 267 2163 vestra
288 2097 370 2183 laus,
394 2098 485 2185 quod·
503 2101 569 2184 ista
590 2122 649 2186 per
669 2100 789 2184 filium,
813 2121 909 2185 quam
932 2101 960 2164 si
982 2099 1045 2216 ipsi
1068 2098 1279 2165 meruissetis.

191 2200 334 2286 Scio,
363 2205 472 2289 patres
502 2204 692 2319 cpnscripti,
728 2224 802 2268 cum
828 2206 952 2268 ceteros
982 2202 1067 2268 cives
1094 2205 1164 2267 tum
1192 2223 1364 2288 praec1pue
1376 2203 1419 2271 90

156 2304 305 2371 consules
327 2308 476 2390 oportere
498 2306 546 2370 sic
568 2306 678 2389 adfici,
701 2309 743 2370 ut·-
760 2326 795 2370 se
817 2301 945 2421 publice
967 2304 1073 2389 magis
1096 2325 1193 2390 quam
1216 2304 1367 2389 priuatim
1413 2358 1416 2363 .

116 2427 145 2467 aa
158 2389 320 2494 obligatos
342 2429 386 2492 pu
387 2411 470 2474 tent
507 2412 545 2474 ut
567 2409 654 2473 enim
675 2408 780 2486 malos
804 2408 967 2499 principes
995 2407 1115 2493 rectius
1136 2405 1365 2493 pulchriusque

156 2513 206 2575 est
228 2531 268 2575 ex
289 2510 547 2576 communibus'
537 2511 665 2576 iniuriis
688 2506 794 2576 odisse
816 2531 913 2597 quam
941 2511 1096 2596 propriis,
1126 2510 1173 2575 ita
1196 2509 1294 2576 boni
1294 2530 1364 2595 spe-

156 2612 275 2679 ciosius
297 2616 449 2679 amantur
471 2614 512 2678 ob
535 2636 671 2700 eaquae
693 2614 809 2700 generi
827 2612 981 2698 humano,
1005 2634 1103 2699 quarn
1125 2634 1208 2698 quae
1228 2611 1365 2678 homini·

154 2717 214 2780 bus
236 2719 416 2803 praestant.
455 2717 531 2802 quia
552 2721 663 2781 tamen
690 2717 725 2780 in
748 2716 1014 2797 consuetudinem
1036 2717 1135 2782 vertit
1156 2720 1194 2783 ut
1216 2716 1363 2781 consules

154 2819 287 2904 publica
308 2819 489 2905 gratiarum
511 2820 640 2886 actione
661 2820 786 2904 perlata
814 2841 871 2883 suo
899 2841 1024 2906 quoque
1053 2819 1184 2884 nomine
1206 2822 1364 2904 quantum

113 2937 143 2980 as
157 2921 298 2987 debeant
318 2922 459 3007 principi
483 2923 714 3007 profiteantur,
744 2922 910 2987 concedite
940 2942 992 2988 rue
1014 2944 1080 2987 non
1103 2944 1162 3007 pro
1185 2943 1236 2986 me
1258 2920 1363 3006 magis

153 3045 292 3090 munere*
308 3024 372 3090 isto
394 3046 491 3110 quam
513 3048 571 3110 pro
595 3024 721 3111 collega
739 3046 811 3089 meo
834 3025 982 3098 Cornuto·
1000 3024 1161 3110 Tertullo,
1187 3023 1372 3090 clarissimo,
1455 3077 1456 3082 ,

152 3127 238 3213 rire,
261 3127 369 3244 fungi,
405 3150 462 3193 cur
484 3129 571 3194 enim
598 3150 666 3193 non
693 3149 752 3213 pro
775 3127 832 3192 illo
854 3149 981 3213 quoque
1009 3128 1135 3242 gratias
1161 3149 1273 3242 agam,
1303 3148 1363 3212 pro

152 3252 215 3316 quo
237 3252 302 3295 non
326 3231 433 3295 minus
456 3231 580 3296 debeo?
602 3231 791 3316 praesertim
813 3251 887 3295 cum
908 3230 1090 3316 indulgent
1065 3230 1210 3295 tissimus
1226 3229 1362 3313 impera-

150 3333 234 3426 tor
224 3355 260 3397 ιιι
282 3333 454 3399 concordia
477 3339 589 3399 nostra
612 3356 649 3398 eo
672 3335 794 3417 praesb
782 3334 873 3398 iterit
887 3333 1061 3417 ambobus,
1084 3354 1221 3417 quae
1190 3355 1216 3397 sr
1209 3333 1362 3397 tantum
1396 3372 1397 3375 =

110 3453 138 3535 ao
150 3422 341 3500 insitarum
358 3437 556 3519 contulisset,
581 3436 692 3500 ambos
707 3439 815 3499 tamen
832 3435 1011 3526 aequaliter
1025 3435 1221 3520 obligasset
1239 3437 1362 3499 utrum·
1383 3483 1386 3486 -
1416 3493 1418 3498 .

151 3558 214 3623 quc
235 3541 382 3603 nostruin
404 3539 459 3603 ille
481 3539 595 3624 optimi
620 3538 773 3654 cuiusque
795 3537 914 3622 spoliat
916 3559 952 3602 or
974 3541 1007 3603 et
992 3537 1174 3602 toarnifex
1197 3537 1366 3622 stragibus

152 3639 329 3706 amicorum
352 3641 444 3706 etin
465 3641 648 3743 proximum
670 3640 755 3705 iacto
721 3639 915 3705 tfulmine
931 3641 1118 3707 adflaverat
1148 3640 1251 3706 isdem
1274 3638 1360 3703 enim

151 3743 264 3808 amicis
287 3729 523 3830 gloriabamur,
555 3743 682 3809 eosdem
711 3743 846 3807 amissos
868 3742 1074 3828 lugebamus,
1105 3765 1144 3809 ac
1172 3744 1257 3808 sicut
1278 3763 1360 3806 nunc

218 4057 235 4106 6
253 4054 311 4105 dici
330 4059 464 4120 tanquam
484 4056 617 4120 optimum
638 4071 718 4120 quem
737 4053 848 4120 elegisti
865 4054 886 4103 B
974 4055 989 4105 7
1012 4053 1115 4104 laetum
1136 4055 1187 4104 tibi
1205 4053 1290 4103 seeo
1307 4051 1359 4103 tibi

150 4123 296 4175 laetumA
366 4127 463 4175 {lnam
480 4130 561 4174 ettu
580 4124 729 4190 quoqncB
811 4126 843 4172 13
862 4122 1041 4185 adoctauitp
1110 4122 1254 4188 pulchrius
1272 4121 1359 4170 fucrit

149 4194 281 4259 genuisse
301 4192 386 4243 talem
407 4208 443 4241 an
461 4192 579 4253 elegisse
600 4194 729 4243 Liuineius
747 4191 910 4258 pulchrius
906 4192 995 4241 fuisse
1021 4191 1135 4252 (iecisse
1154 4189 1202 4253 cd)
1226 4189 1355 4254 genuisse

118 4306 120 4310 ,
149 4262 234 4313 talem
253 4277 289 4312 an
310 4260 440 4326 elegisse
448 4261 538 4309 sucu
560 4261 703 4326 pulchrius
725 4261 812 4310 fuisse
836 4261 967 4325 genuisse
992 4255 1079 4310 talem
1103 4273 1185 4323 quam
1204 4258 1276 4323 eleg‘
1251 4272 1357 4308 aresce

148 4334 297 4382 coniectura
316 4329 426 4380 Gesneri
444 4329 572 4393 Gierr'pirs
659 4333 690 4382 15
708 4333 831 4379 nostrum
851 4345 921 4378 corr.
940 4332 973 4383 a!
991 4345 1057 4377 mar.
1079 4327 1237 4377 uestrumb
1325 4328 1356 4376 16

148 4414 204 4449 non
222 4399 311 4449 minor
329 4398 416 4448 Bacd
434 4413 488 4447 non
507 4398 630 4448 mirorA
713 4400 743 4447 17
763 4396 834 4478 quod
853 4398 909 4446 iata
925 4397 949 4445 A
968 4412 1049 4460 quara
1063 4396 1120 4445 ista
1137 4395 1181 4445 Bd
1199 4395 1324 4461 quaesita
1342 4408 1356 4444 o

218 4467 250 4516 18
268 4470 419 4534 praecipue
438 4466 518 4529 (ιιιβ
588 4470 621 4517 03
639 4464 734 4532 verta]
754 4467 833 4515 uenit
851 4468 908 4516 cor
930 4466 1073 4519 ,tierricus
1160 4465 1355 4528 ‘24prolatao

147 4542 265 4599 peracta
285 4535 308 4586 I.
329 4538 363 4590 A.
382 4536 520 4585 dli-aestiua
588 4535 774 4596 asserturos
856 4537 887 4585 27
907 4549 956 4600 pro
975 4549 1028 4600 quo
1047 4532 1176 4583 miuus!
1262 4532 1293 4583 31
1313 4530 1355 4582 illi

146 4604 168 4653 B
237 4603 438 4656 32flumiueB
508 4603 806 4668 assumamur,
826 4605 887 4654 add.
907 4614 946 4660 ος
