2934 4966
585 332 830 384 rrusormcns
853 329 878 386 r.
902 329 942 386 a,
1297 317 1361 386 325

154 491 330 558 arbitratus
352 490 505 577 genueris
527 511 570 556 an
593 488 744 576 elegeris,
769 489 797 555 si
819 488 953 576 perinde
974 487 1044 574 sine
1066 479 1361 575 iudicio'adopten-

152 597 208 660 tur
229 593 324 659 liberi
346 615 385 660 ac
407 595 601 679 nascuntur3
623 592 686 658 nisi
708 592 793 679 qnod
814 595 926 657 tamen
949 591 1099 677 aequiore
1122 592 1230 659 animo
1250 594 1362 660 ferunt

154 697 302 763 homines
323 718 419 782 quem
433 696 586 783 princeps
600 718 715 782 parum
736 695 877 762 feliciter
895 696 1024 782 genuit,
1048 717 1146 781 quam
1168 718 1262 782 quem
1277 699 1361 765 male

155 799 267 888 elegit.
311 798 427 865 sedulo
443 820 521 886 ergo
542 799 659 866 vitavit
679 799 767 865 hunc
790 821 901 865 casum
932 820 994 864 neo
1015 798 1109 864 modo
1130 797 1285 866 iudicium
1305 801 1361 867 ho·

127 905 280 969 sminum
306 901 524 968 sed'deorum
551 904 651 966 etiam
680 903 715 968 iu
739 902 908 968 consilinm
932 901 1120 986 adsumpsit.
1156 902 1266 988 itaque
1293 901 1390 970 non8

152 1007 189 1072 in
211 1005 375 1090 cubiculo,
399 1004 455 1070 sed
477 1005 513 1069 in
533 1005 671 1091 templo,
694 1027 757 1072 nec
779 1009 856 1071 aute
873 1003 1037 1092 genialem
1058 1006 1181 1088 torum,
1205 1003 1260 1069 sed
1284 1008 1360 1072 ante

153 1108 308 1196 pulvinar
328 1105 414 1172 lovis
436 1105 551 1193 optimi
572 1108 705 1174 maximi
734 1108 865 1193 adoptio
886 1109 1021 1194 peracta
1044 1110 1109 1194 est,
1138 1129 1203 1193 qua
1228 1108 1361 1174 tandem

152 1232 223 1279 non
237 1210 375 1277 seruitus
389 1212 518 1295 nostra,
540 1209 598 1276 sed
619 1210 752 1303 libertas
768 1214 801 1276 et
821 1211 908 1276 salus
924 1213 958 1276 et
972 1208 1128 1275 securitas
1149 1209 1359 1277 fundabatur.

154 1312 217 1378 sibi
239 1302 325 1376 enim
349 1311 488 1398 gloriam
511 1310 599 1377 illam
614 1314 648 1378 di
669 1309 931 1380 vindicaverunt:
953 1310 1071 1377 horum
1084 1333 1165 1398 opus
1186 1286 1282 1398 illud,
1305 1311 1361 1378 ho-

115 1442 140 1479 ro
153 1435 226 1480 rum
247 1413 430 1501 imperium,
453 1413 563 1482 Nerva
578 1418 714 1481 'tantum
728 1417 878 1482 minister
891 1416 973 1480 fuit:
996 1415 1106 1501 utique
1121 1415 1176 1500 qui
1191 1415 1362 1501 adoptaret

152 1523 222 1584 tarn
244 1520 355 1603 paruit
375 1539 473 1604 quarn
500 1521 538 1583 tu
565 1520 620 1605 qni
642 1519 860 1604 adoptabaris
896 1517 1006 1585 adlata
1035 1521 1106 1582 erat
1128 1539 1167 1583 ex
1189 1517 1361 1584 Pannonia

152 1620 265 1688 laurea
285 1620 320 1687 id
333 1621 518 1708 ‘agentibus
532 1620 581 1687 dis
604 1626 642 1687 ut
662 1621 778 1705 invicti
799 1620 1004 1708 imperatoris
1020 1620 1185 1686 exordium
1206 1620 1362 1686 victoriae

152 1725 284 1812 insigne
307 1723 489 1791 decoraret:
517 1723 605 1811 hanc
626 1723 801 1811 imperator
822 1724 932 1791 Nerva
953 1724 989 1789 in
1012 1723 1135 1810 gremio
1157 1723 1243 1790 loris
1266 1724 1362 1791 colle·

153 1831 263 1913 uarat,
287 1849 360 1894 cnm
381 1831 516 1914 repente
538 1827 634 1894 solito
651 1828 754 1893 maior
776 1831 809 1894 et
831 1826 998 1914 augustior
1014 1826 1172 1891 advocata
1193 1825 1361 1893 hominum

113 1955 140 1996 ιι
154 1929 349 2016 deorumque
373 1931 524 1997 contione
538 1933 571 1996 te
594 1930 696 1995 filium
718 1930 796 2015 sibi,
819 1930 881 1996 hoo
904 1932 953 1995 est
966 1930 1099 1995 unicum
1122 1929 1277 1995 auxilium
1297 1931 1361 1996 fes·

152 2034 198 2100 sis
220 2033 333 2119 rebus,
357 2033 549 2120 adsumpsit.
567 2033 657 2100 'inde
679 2033 772 2120 quasi
793 2033 929 2119 depositi
951 2032 1079 2118 imperii
1101 2053 1165 2118 qua
1187 2033 1360 2099 securitate

151 2159 218 2224 qna
245 2135 357 2224 gloria
377 2138 481 2203 laetus
510 2137 602 2223 (nam
629 2136 819 2222 quantulum
848 2137 950 2202 refert
976 2137 1120 2221 deponas
1143 2157 1187 2201 an
1208 2137 1362 2223 partiaris
1420 2135 1423 2140 ’

151 2239 349 2327 imperium?
369 2239 435 2306 nisi
456 2240 550 2327 quod⁴
563 2239 728 2305 difficilius
755 2238 818 2304 hoc
840 2242 911 2324 est),
933 2260 1001 2303 non
1023 2259 1115 2303 secus
1137 2259 1175 2303 ao
1193 2239 1361 2324 praesenti

152 2342 212 2408 tibi
236 2343 387 2427 innixus,
414 2342 480 2408 tuis
500 2343 621 2409 umeris
643 2364 679 2408 se
699 2343 902 2430 patriamque
925 2344 1112 2406 sustentans
1127 2344 1191 2406 tus
1216 2342 1359 2427 iuventa,
1418 2376 1423 2381 ·

112 2449 209 2513 actuo
231 2446 345 2513 robore
367 2445 516 2524 invaluit.
550 2446 661 2512 statim
684 2445 830 2514 consedit
855 2446 960 2510 omnis
988 2444 1157 2511 tumultus.
1191 2467 1258 2509 non
1287 2444 1360 2510 ado·
1459 2456 1463 2463 '

151 2549 276 2641 ptionis
298 2570 378 2634 opus
400 2548 503 2634 istud,
527 2549 583 2615 sed
606 2548 750 2634 adoptati
771 2549 843 2613 fuit.
876 2551 972 2633 atque
996 2546 1074 2612 adeo
1095 2550 1216 2612 temere
1238 2547 1361 2633 lecerat

152 2650 279 2737 Nerua,
309 2652 336 2717 si
365 2651 552 2738 adoptasset
580 2650 690 2717 alium.
730 2649 866 2716 oblitine
889 2671 998 2716 sumus
1021 2653 1057 2714 ut
1078 2670 1182 2734 nuper
1203 2652 1278 2734 post
1306 2649 1359 2714 ad·

223 2935 238 2982 1
257 2929 384 2997 genueris
404 2944 441 2979 an
459 2928 580 2996 elegeris
597 2931 683 2984 Δοᾱς
706 2931 834 2994 genuerit
856 2943 893 2978 aa
918 2928 1040 2994 elegeris
1057 2929 1082 2976 R
1105 2929 1234 2994 genuerit
1252 2943 1288 2978 an
1307 2928 1360 2979 ele·

153 3001 292 3068 geritB.
335 3001 554 3050 tnascanturc
614 2999 669 3048 nisi
688 2998 758 3064 quod
778 3002 872 3049 tamen
890 2997 1027 3047 Aeduisi
1045 3002 1137 3048 tamen
1157 2997 1229 3061 quod
1246 2998 1289 3052 Βς
1306 2997 1360 3047 nisi

172 3069 226 3120 uod
246 3067 304 3130 (om.
323 3066 428 3129 tamen)
447 3068 471 3116 B
551 3067 767 3132 3principesR
854 3070 869 3115 t
888 3081 941 3116 nec
958 3066 1038 3116 modo
1057 3065 1188 3115 iudicium
1207 3067 1300 3116 Buce
1317 3067 1359 3116 in·
1417 3103 1421 3108 .

152 3087 229 3190 dicio
242 3138 306 3188 seu
323 3151 377 3187 nee
396 3135 538 3185 iudieiaA
562 3150 616 3185 nec
639 3134 770 3185 indicium
790 3135 936 3186 Cnturroens
958 3135 1055 3186 necin
1073 3133 1207 3184 indicium
1225 3135 1359 3199 t'uspr'niu·

152 3223 200 3258 aas
269 3206 388 3258 betium
407 3203 552 3254 eonsilium
570 3206 593 3253 R
612 3205 696 3254 etiarn
718 3205 747 3254 in
767 3203 948 3255 consiliarus
1034 3204 1129 3268 itaque
1147 3218 1200 3252 nou
1220 3205 1248 3252 in
1266 3205 1289 3252 R
1306 3204 1358 3252 ita·

153 3291 207 3342 quc
225 3290 282 3326 non
300 3279 331 3324 tu
349 3274 378 3325 in
390 3273 452 3322 nou
469 3274 566 3337 itaque
585 3287 640 3322 non
658 3273 698 3322 tui
716 3273 745 3323 in
757 3275 780 3322 A
797 3273 894 3336 itaque
913 3287 968 3323 non
985 3275 1034 3320 tuo
1052 3272 1111 3326 ins
1129 3272 1225 3337 itaque
1245 3274 1286 3321 tui
1305 3287 1359 3328 non

151 3347 180 3395 in
201 3341 233 3398 G,
253 3344 290 3394 H.
309 3341 467 3403 Setueferus
536 3343 623 3391 tinec
642 3346 735 3391 antem
754 3341 896 3408 genialem
913 3343 937 3390 R
1007 3339 1187 3458 ipuluinc}
1240 3344 1360 3391 maxima

151 3415 168 3464 b
227 3411 323 3462 ·8·sed
342 3411 416 3461 salus
435 3415 464 3460 et
482 3409 599 3460 libertas
624 3421 653 3460 et
670 3411 850 3462 securitaslt
920 3408 1088 3467 fundabatur
1107 3410 1156 3457 ΒΔ
1189 3408 1358 3459 efnndeba·

151 3492 198 3531 tur
215 3478 296 3530 Nad-
326 3542 329 3547 ἢ
394 3482 411 3529 ss
429 3478 484 3528 sibi
503 3478 815 3529 enimuendioauerunt
833 3478 872 3527 dii
889 3476 1100 3543 glorisnrillaur
1119 3479 1145 3537 *B*
1158 3478 1213 3529 sibi
1230 3479 1300 3527 enim
1320 3471 1359 3527 dii

151 3549 273 3616 gloriam
288 3546 369 3598 illam
386 3547 638 3603 uindicauermttr
705 3548 801 3598 horum
824 3562 899 3612 opus·
911 3546 974 3597 illut
992 3546 1087 3595 horum
1107 3547 1252 3611 imperinm
1270 3547 1296 3595 R·
1311 3547 1358 3597 ho·

151 3633 212 3669 rum
232 3614 296 3684 (hoo
312 3618 335 3667 Δ
353 3612 451 3667 horum
470 3615 496 3678 a)
515 3630 584 3681 opus
601 3617 698 3666 horum
716 3615 786 3666 illud
804 3616 949 3681 imperium
972 3614 1062 3664 sucu
1132 3619 1164 3664 10
1183 3619 1289 3664 tantum
1309 3615 1358 3664 mi·

151 3688 242 3738 nister
260 3686 315 3737 suit
332 3686 397 3734 dod
414 3690 509 3735 tamen
528 3685 654 3736 minister
673 3685 727 3734 fuit
744 3685 787 3739 Βς
806 3689 913 3733 tantum
937 3684 991 3733 snit
1008 3682 1134 3733 minister
1151 3684 1175 3731 s
1260 3683 1358 3747 utique

152 3756 200 3822 qni
219 3755 364 3821 adoptaret
382 3753 405 3805 I.
424 3755 458 3803 Α.
479 3754 614 3804 Ernestins
632 3759 663 3803 ut
682 3755 728 3818 qui
748 3752 894 3818 adoptaret
910 3754 933 3801 R
956 3758 1040 3816 utque
1065 3752 1111 3818 qui
1130 3753 1277 3816 arloptnret
1294 3752 1358 3801 Διά

151 3830 270 3891 uterque
290 3825 336 3889 qni
356 3822 503 3887 adoptaret
519 3823 564 3877 ne
581 3824 676 3888 utique
690 3822 736 3889 qui
755 3823 905 3887 adoptarat
918 3821 1078 3871 Sclrwurziur
1090 3826 1174 3885 teque
1194 3835 1255 3870 enm
1274 3819 1358 3884 adop·

151 3893 226 3944 taret
244 3892 410 3942 Heumanuns
428 3893 499 3955 apud
514 3891 694 3942 Sctronrzr'nm.
718 3898 846 3956 uterque,
866 3896 922 3939 tarn
937 3891 983 3955 qni
997 3889 1163 3955 adoptabat,
1182 3893 1240 3938 tum
1253 3890 1356 3953 paruit,

151 3977 235 4029 qnam
259 3965 304 4022 tn,
332 3961 379 4025 qui
405 3959 587 4025 adoptabaris
612 3961 753 4026 Gieripr'ns:
770 3960 887 4023 sortasse
906 3963 934 4009 et
952 3960 1000 4023 qni
1019 3959 1173 4023 adoptabat
1191 3963 1248 4007 tam
1265 3957 1358 4022 paruit

170 4045 235 4080 uam
253 4035 285 4080 tn
303 4029 350 4094 qui
369 4028 549 4094 adoptabaris
603 4032 633 4080 12
652 4029 822 4095 inperatoris
841 4026 981 4078 exordium
999 4029 1023 4076 R
1041 4027 1214 4092 imperatoris
1233 4031 1357 4075 exortum
1456 4055 1464 4062 -

149 4047 240 4150 lecu
312 4100 343 4148 13
360 4096 528 4148 decorarent
544 4098 578 4146 ed
666 4098 802 4147 lrancom.
821 4097 845 4144 s
931 4095 1125 4146 collocaretlt
1195 4096 1227 4144 14
1245 4093 1356 4143 solitum

149 4170 174 4217 R
286 4167 376 4218 maior
394 4169 422 4216 et
439 4166 584 4232 augustior
600 4167 665 4217 Aba
683 4166 771 4216 maior
788 4172 817 4215 et
836 4165 982 4230 augustior
1000 4165 1034 4226 βο
1052 4165 1140 4214 maior
1157 4163 1358 4227 augustiorque

149 4239 174 4286 R
261 4235 400 4286 hominnm
417 4235 551 4285 concione
570 4235 736 4300 deorumque
754 4235 819 4288 Βᾱς
842 4235 972 4284 contione
995 4233 1135 4284 hominurn
1153 4231 1357 4296 deornnrqueB

149 4306 292 4356 hominum
310 4304 479 4368 deorumque
497 4304 557 4367 (orn.
576 4303 717 4367 contione)
736 4304 759 4352 Δ
781 4302 921 4352 hominum
944 4302 1112 4366 deorumque
1135 4316 1187 4366 ope
1206 4314 1221 4349 e
1325 4303 1357 4351 15

149 4371 273 4440 unicum]
293 4374 436 4424 initiinne
507 4372 598 4423 sesses
615 4375 639 4423 B
709 4374 740 4422 16
759 4371 883 4437 deposito
906 4371 1058 4436 imperios
1128 4371 1159 4420 18
1179 4368 1265 4418 nichil
1284 4367 1355 4433 qnod

150 4441 296 4494 difficilius
315 4450 389 4493 esto
431 4436 506 4507 ac]
528 4441 604 4491 adn
681 4442 820 4507 praesenti
838 4441 891 4491 tibi
910 4441 1021 4489 innixus
1039 4439 1125 4486 Rbcd
1143 4437 1285 4502 praesenti
1304 4438 1354 4488 tibi

148 4512 291 4562 immissus
307 4512 420 4562 innixus
439 4506 535 4576 (deleto
553 4528 575 4561 o.
594 4511 745 4573 immissus)
764 4511 779 4573 β
798 4509 940 4575 praesenti
958 4509 1010 4557 tibi
1028 4508 1144 4557 uixusA
1162 4506 1214 4555 tibi
1231 4507 1356 4572 presenti

149 4582 262 4631 innixus
280 4595 296 4629 ι
383 4582 415 4630 21
440 4595 508 4646 opus
530 4579 603 4631 istud
626 4579 675 4630 sed
693 4580 819 4645 adoptati
837 4578 892 4628 fnit
909 4580 933 4627 s
951 4591 1020 4643 opus
1039 4575 1112 4626 istud
1131 4575 1216 4639 (istud
1234 4591 1304 4642 opus
1320 4574 1354 4638 A)

149 4649 205 4702 init
222 4648 272 4700 sed
291 4648 420 4716 adoptati
437 4647 527 4698 ssed
596 4648 684 4716 adque
704 4648 774 4700 adeo
791 4650 815 4698 R
