2934 4966
521 295 768 348 ermanricus
789 263 833 345 se.
854 278 898 349 r'o
921 291 965 344 ιι
1144 271 1147 278 ’
1247 358 1252 367 ,
1287 279 1352 346 349
1430 356 1432 364 Ι

149 404 309 520 fruentur.
348 471 387 516 ae
414 423 456 517 ne
475 455 626 565 remotus
654 441 819 540 quidem
808 471 938 539 remque
971 449 1150 517 deficientis
1179 450 1358 517 adfinitatis
1420 471 1422 475 ’

150 555 271 643 gradus
293 574 313 618 a
334 522 510 644 qualibet&
500 542 686 641 quantitate
707 553 893 622 vicesimam
916 552 1038 619 inferre
1061 556 1205 640 cogetur.
1242 553 1358 621 statuit

144 657 239 724 errim
263 657 442 722 eommunis
463 657 608 723 omnium
629 680 747 743 parens
770 679 928 724 summam
951 678 1032 743 quae
1054 650 1284 742 publicanum
1287 658 1358 744 pati
1411 685 1416 694 ·

149 760 270 845 posset
310 760 434 826 carebit
455 780 553 826 onere
575 760 747 827 vicesimae
768 782 870 848 parva
897 762 931 826 et
952 759 1044 825 exilis
1066 759 1229 826 hereditas
1252 760 1411 852 et,·si40

124 860 198 926 sita
220 864 335 947 gratus
357 860 450 928 heres
472 862 573 949 volet,
595 866 666 928 tota
687 862 852 950 sepulcro,
881 865 950 928 tota
971 861 1080 928 funeri
1102 861 1360 930 serviem-nemo

150 962 352 1051 observator,
376 986 471 1032 nemo
494 967 673 1053 castigator
694 966 839 1033 adsistat.
872 965 1060 1051 cuicumque
1074 963 1200 1030 modica
1221 965 1361 1052 pecunia
1404 988 1407 997 ’
1447 989 1450 994 ·

151 1087 193 1133 ex
212 1065 393 1134 hereditate
414 1067 550 1136 alicuius
572 1069 756 1156 obvenerit,
787 1091 918 1136 securus
939 1068 1060 1148 habeat
1080 1066 1272 1154 quietusque
1286 1078 1360 1154 pos·-

152 1168 267 1236 sideat.
291 1191 331 1236 ea
350 1170 404 1236 lex
425 1171 597 1239 vicesimae
620 1158 709 1239 dicta
730 1175 795 1258 est,
822 1174 861 1238 ut
887 1171 929 1237 ad
950 1169 1130 1258 periculum
1158 1169 1226 1235 eius
1248 1191 1359 1257 perve-

151 1271 218 1337 niri
239 1272 305 1338 nisi
332 1273 448 1360 opibus
475 1297 542 1341 non
569 1275 684 1362 possit.
722 1296 878 1342 conversa
901 1278 951 1340 est
973 1272 1129 1360 iniquitas
1158 1267 1202 1338 in¹
1215 1272 1360 1360 gratula-
1390 1312 1394 1320 ι

112 1399 140 1439 ιι
152 1374 291 1460 tionem,
320 1375 442 1441 iniuria
467 1376 503 1441 in
537 1379 666 1444 votum:
698 1378 792 1465 optat
819 1377 912 1444 heres
947 1380 984 1442 ut
1016 1376 1204 1442 vicesimam
1217 1377 1219 1380 ’
1232 1374 1358 1443 debeat.
1437 1422 1440 1428 -

152 1475 299 1544 additum
321 1480 431 1545 estut
451 1479 506 1566 qui
529 1480 698 1546 eiusmodi
720 1502 761 1546 ex
776 1481 882 1547 causis
903 1481 939 1546 in
954 1481 1039 1546 diem
1061 1478 1158 1545 edicti
1173 1477 1360 1544 vicesimam

153 1579 326 1666 deberent,
347 1580 495 1669 nondum
516 1583 627 1648 tamen
641 1581 847 1668 intulissent,
870 1604 938 1648 non
952 1581 1123 1647 inferrent.
1154 1583 1191 1646 at
1210 1580 1248 1647 in
1268 1604 1360 1667 prae·
1419 1583 1426 1594 '

153 1682 288 1749 teritum
313 1684 484 1750 subvenire
511 1706 555 1750 ne
582 1684 615 1750 di
643 1684 772 1772 quidem
793 1687 945 1772 possunt:
975 1687 1012 1750 tu
1039 1687 1151 1749 tumen
1179 1683 1361 1752 subvenisti

154 1781 340 1873 cavistique
363 1789 402 1852 ut
428 1786 591 1853 desineret
623 1787 758 1874 quisque
791 1786 907 1853 debere
935 1786 1019 1873 quod
1047 1808 1109 1853 noo
1137 1783 1223 1853 ess'et
1247 1789 1361 1873 postea
1434 1804 1438 1810 ‘

115 1913 140 1955 rs
154 1887 339 1974 debiturus,
362 1889 396 1955 id
418 1893 474 1955 est
490 1889 627 1955 effecisti
649 1911 692 1956 ne
714 1889 817 1956 malos
838 1890 1003 1976 principes
1024 1889 1258 1956 habuissemus.
1296 1911 1360 1976 quo

154 1991 306 2078 ingenio,
335 1992 512 2059 si'natura
538 1996 721 2080 pateretur,
750 2014 847 2079 quum
874 1983 1016 2058 libenter
1043 1995 1094 2058 tot
1121 1991 1281 2079 spoliatis,
1309 1995 1361 2058 tot

128 2093 324 2159 ‚trucidatis
346 2094 540 2181 sanguinem
562 2097 598 2161 et
616 2094 703 2161 bona
724 2094 914 2161 refudisses!
937 2095 1071 2162 vetuisti
1093 2095 1181 2182 exigi
1202 2095 1285 2182 quod
1308 2094 1361 2160 de-

153 2195 224 2262 beri.
245 2217 313 2262 non
333 2199 391 2262 tuo
413 2196 540 2284 sacculo
564 2201 724 2283 coeperat.
763 2197 845 2263 alius
872 2201 911 2264 ut
940 2197 1186 2265 contumacibus
1208 2197 1361 2264 irascere

150 2302 206 2364 tur
232 2298 483 2385 tarditatemque
517 2300 663 2366 solvendi
698 2300 788 2386 dupli
817 2299 869 2367 vel
896 2304 929 2366 ct
956 2286 1128 2388 quadrupli
1154 2300 1361 2388 inrogatione
1425 2344 1429 2350 ·

114 2400 320 2467 nmultaret:
342 2403 381 2466 tu
401 2399 486 2467 nihil
505 2399 627 2469 referre
648 2402 830 2489 iniquitatis
859 2403 1040 2490 existimas,
1069 2404 1181 2490 exigas
1203 2402 1287 2490 quod
1309 2402 1361 2469 de·

152 2504 222 2570 beri
244 2525 312 2569 non
334 2505 529 2590 oportuerit,
559 2529 603 2572 an
627 2505 806 2572 constituas
834 2510 872 2572 ut
893 2506 1058 2573 debeatur.
1079 2506 1198 2592 teres,
1227 2504 1357 2594 Caesar,
1368 2510 1409 2575 41

153 2629 264 2675 euram
291 2610 325 2674 et
353 2604 617 2674 sollicitudinem
635 2609 844 2675 consularem.
880 2632 958 2675 nam
985 2608 1064 2675 mihi
1095 2608 1255 2696 cogitanti
1284 2631 1360 2674 eun-

154 2709 229 2776 dem
251 2713 285 2776 te
308 2709 498 2777 collationes
520 2711 698 2798 remisisse,
728 2712 916 2778 donativum
937 2712 1129 2799 reddidisse,
1158 2711 1360 2800 congiarium
1428 2713 1430 2717 ’

152 2812 324 2898 obtulisse,
348 2812 507 2880 delatores
530 2812 694 2900 abegisse,
722 2813 898 2902 vectigalia
920 2818 1133 2902 temperasse,
1155 2815 1360 2901 interrogan-

114 2940 140 2980 rs
153 2916 213 2982 dus
235 2915 354 2982 videris
377 2916 501 2983 satisne
523 2917 759 3004 computaveris
786 2919 913 3004 imperii
942 2920 1075 2985 reditus.
1113 2941 1156 2984 an
1184 2919 1294 2983 tantas
1315 2917 1362 2984 vi·

152 3041 206 3085 res
228 3018 330 3085 habet
351 3018 525 3106 frugalitas
547 3021 722 3106 principis,
746 3025 783 3086 ut
803 3024 854 3087 tot
875 3022 1064 3108 impendiis,
1093 3024 1144 3088 tot
1167 3019 1361 3107 erogationi·

151 3122 214 3189 bus
235 3121 304 3188 sola
326 3122 492 3188 sufficiat?
514 3144 592 3188 uam
614 3123 763 3210 quidest
786 3145 926 3218 causae„
941 3147 998 3192 cur
1019 3126 1092 3192 aliis
1114 3123 1259 3211 quidem,
1288 3144 1361 3188 cum

225 3507 239 3554 1
259 3517 293 3554 ac
311 3520 347 3556 ne
372 3508 507 3555 remotus*
519 3504 629 3570 quidem
648 3507 688 3560 ἀς
709 3520 743 3555 ac
767 3521 803 3556 ne
822 3506 954 3556 remotius
978 3505 1088 3572 quidem
1106 3507 1155 3557 ΑΒ
1177 3522 1211 3559 ιιι
1228 3506 1362 3558 remotius

121 3573 301 3639 ,quideme
370 3574 524 3639 tangetur
542 3573 582 3637 βς
600 3577 736 3638 cogentur
754 3574 813 3623 bod
831 3581 978 3640 cogeretur
995 3576 1018 3625 Δ
1036 3591 1151 3639 cogeres
1169 3589 1186 3624 a
1254 3578 1364 3626 isum—

153 3653 283 3706 mumque
301 3640 443 3724 publicem
461 3643 590 3708 poposcit
607 3657 622 3692 c
724 3644 742 3693 4
759 3648 855 3708 posset
875 3644 1009 3694 hivineius
1031 3649 1128 3709 posset
1149 3660 1220 3695 corr
1238 3643 1362 3709 possita

153 3713 211 3764 cod
231 3710 340 3769 Medici.
322 3711 448 3776 lpossit
465 3711 535 3761 ΔΒᾱ
606 3727 688 3762 onere
706 3712 789 3760 Becd
807 3725 859 3763 one
875 3713 899 3762 Δ
967 3715 1088 3765 itotam
1106 3711 1254 3780 sepulchro
1273 3716 1361 3763 totam

153 3779 246 3830 funeri
264 3782 358 3830 seruet
375 3780 418 3829 Ae
465 3779 577 3832 seruiet
594 3779 763 3831 Sirbordus
753 3796 779 3830 ιιι
797 3797 878 3846 marg.
897 3789 922 3831 el
940 3780 1102 3832 Selwurzius
1119 3797 1134 3832 e
1151 3782 1240 3833 codiee
1262 3781 1361 3831 Veneto

153 3851 251 3900 seruet
268 3848 311 3897 Bd
328 3853 492 3904 seruetnrs'
569 3848 737 3913 badsistet,
757 3850 803 3900 cui
821 3855 970 3915 utcumque
988 3850 1099 3902 modica
1115 3849 1237 3916 pecunia
1255 3848 1361 3899 Momm·
1402 3885 1404 3888 ι

152 3932 230 3968 senus
283 3918 446 3982 cuicumque
460 3916 570 3968 modica
587 3919 708 3984 pecunia
726 3933 760 3968 ex
772 3917 930 3969 hereditate
944 3917 1064 3970 alicuius
1083 3917 1231 3970 obuenerit
1243 3917 1361 3969 Seducer-

152 3990 207 4036 zius
226 3986 416 4051 cuiuscunque
434 3987 544 4037 modica
568 3985 654 4049 (modi
678 4001 710 4037 ea
728 3986 824 4050 Βοιὶς)
852 3987 971 4051 pecunia
996 4004 1030 4039 ex
1056 3987 1212 4039 hereditate
1241 3985 1360 4038 alicuine

153 4051 287 4122 (alicuius
305 4070 352 4106 om.
371 4053 398 4114 b)
426 4055 573 4106 obuenerit
599 4055 714 4111 ΔΒοᾱς
737 4057 934 4120 cuiuscumque
952 4057 1063 4107 modica
1085 4056 1202 4122 pecunia
1225 4071 1260 4107 ax
1281 4055 1360 4107 here·

153 4124 242 4174 ditate
261 4123 347 4173 alicui
366 4123 513 4174 obuenerit
529 4126 661 4175 Livineius
747 4123 898 4174 ibabetc
984 4127 1062 4176 8est
1080 4125 1196 4176 dictat
1282 4126 1313 4175 11
1331 4124 1362 4174 in

153 4191 227 4244 diem
245 4193 312 4242 Διά
329 4191 359 4241 in
377 4191 490 4242 idcmB
595 4194 627 4242 12
645 4208 699 4244 non
718 4192 875 4243 inferente
971 4195 1003 4244 14
1020 4199 1052 4244 ut
1069 4192 1212 4244 desineret
1229 4193 1313 4242 need
1330 4198 1362 4243 ut

154 4262 261 4312 sineret
278 4262 302 4311 Δ
371 4276 427 4310 non
445 4278 491 4314 om
511 4262 619 4325 ssed,
638 4263 700 4313 add.
720 4273 737 4316 ς
755 4269 780 4312 et
797 4264 831 4315 ol.
850 4278 916 4312 man.
936 4261 951 4325 β
1025 4267 1134 4328 postte
1152 4262 1328 4312 debiturusc

155 4332 187 4381 15
206 4329 234 4380 id
253 4330 446 4380 estLiviuer'us
463 4329 508 4380 ide
526 4330 541 4392 β
559 4331 632 4383 idem
650 4332 737 4381 nied
788 4330 884 4380 fecisti
901 4331 946 4388 Βς
998 4333 1031 4382 16
1050 4347 1102 4398 quq
1119 4330 1280 4381 libenterB
1328 4333 1360 4382 1'1

155 4397 316 4465 trucidatis]
330 4398 492 4460 cruciatisfl
545 4400 712 4464 sanguineB
766 4401 798 4449 19
809 4398 886 4464 duph
904 4398 950 4450 uel
971 4405 1001 4450 et
1018 4397 1163 4466 quadrupli
1179 4400 1201 4449 B
1219 4398 1296 4465 dupli
1313 4399 1361 4450 uel

154 4467 304 4533 quadrupli
322 4468 357 4518 cd
376 4468 453 4535 dupli
472 4470 500 4517 et
518 4469 665 4535 quadrupli
683 4471 706 4520 Δ
775 4471 809 4518 20
827 4468 1003 4533 iniquitatiss
988 4464 1177 4534 lideberi]
1201 4466 1309 4532 debe'll

154 4537 187 4587 26
206 4536 312 4670 hpbeat
328 4550 366 4592 ος
448 4536 600 4604 frugalitas
617 4539 663 4594 Δς
681 4535 824 4604 fragilitas
840 4540 905 4589 acu
991 4539 1024 4588 27
1042 4552 1108 4588 nam
1127 4552 1175 4587 cur
1194 4542 1238 4589 est
1256 4552 1360 4589 causac

154 4621 205 4658 cur
