2934 4966
154 274 269 327 xxvur
649 275 859 326 ancarano.
924 342 926 346 .
981 246 1006 287 ³

152 431 352 517 corruptelae
374 452 407 515 p.
430 428 463 514 4,
486 430 507 496 3
530 452 599 518 sqq.
623 429 707 517 elegi
730 433 838 497 autem
866 429 962 514 haec,
990 432 1027 495 ut
1048 433 1235 518 appareret,
1254 453 1354 518 ¹quarn

151 535 276 600 diversa
297 531 378 598 haec
400 531 594 617 optimorum
616 533 761 599 codicum
787 532 996 619 interpolatio
1024 538 1109 600 esset
1136 535 1178 600 ab
1206 556 1244 603 ea
1271 556 1354 621 quae

149 635 373 703 Florentinum
400 635 541 702 codicem
569 639 601 702 et
629 636 880 703 Riccardianum
902 635 1081 720 occupavit.
1118 659 1196 703 nam
1223 659 1296 705 cum
1318 639 1354 726 in

148 739 214 806 illis
237 739 391 805 continuo
413 737 519 804 studio
541 741 633 804 vetus
655 738 815 826 scriptura
835 739 1008 804 immutata
1036 739 1095 824 sit,
1123 739 1160 805 in
1180 739 1232 806 bis
1253 739 1353 807 inter·

149 841 270 929 polatio
292 842 326 906 ct
339 830 445 908 ¹'certis
467 842 545 908 locis
560 842 746 908 continetur
768 845 801 908 ct
822 841 870 907 ita
884 845 1070 928 comparata
1085 845 1152 928 est,
1175 845 1212 909 ut
1232 843 1354 930 partim

17 942 24 1014 J
149 965 188 1010 ex
209 943 326 1032 glossis
348 943 426 1011 olim
448 944 488 1010 ad
510 943 608 1009 verba
630 945 797 1032 scriptoris
825 944 1017 1031 explicanda
1038 944 1210 1032 adscriptis
1232 946 1353 1032 partini

149 1069 188 1115 ex
208 1046 335 1112 incerta
362 1050 396 1113 et
423 1047 576 1114 lacunosa
597 1046 807 1114 vetustissimi
829 1045 1021 1132 exemplaris
1048 1047 1226 1134 scriptura,
1255 1070 1353 1136 qrmm

150 1150 334 1217 coniectura
356 1150 562 1236 suppleverat
583 1150 749 1236 librarius,
779 1172 863 1216 nora
883 1149 981 1217 lectio
1002 1152 1074 1217 orta
1102 1172 1171 1217 esse
1193 1151 1352 1219 videatur.

148 1275 252 1341 pauca
273 1255 384 1318 tamen
405 1253 631 1335 inveniuntur,
652 1252 818 1339 inquibus
840 1252 892 1319 vel
913 1255 1027 1319 contra
1048 1252 1107 1319 has
1127 1253 1270 1342 rationes
1285 1254 1352 1322 Me-

149 1355 231 1422 dioei
253 1358 286 1420 et
307 1353 462 1422 Vaticani
485 1355 604 1423 codicis
632 1356 826 1442 scripturam
847 1355 1044 1443 sequendam
1072 1376 1142 1423 esse
1169 1357 1352 1424 sententiae

148 1457 319 1524 verborum
339 1459 391 1525 rel
412 1458 501 1546 leges
523 1459 694 1551 sermonis,
724 1480 806 1546 quae
828 1458 901 1545 plus
922 1459 1035 1526 valent
1056 1480 1154 1546 quam
1175 1460 1353 1528 auctoritas

148 1560 319 1647 librorum,
353 1561 560 1648 persuadent.
596 1562 660 1630 huc
694 1554 798 1628 refero
826 1561 923 1648 haec,
955 1563 992 1628 in
1018 1561 1136 1648 quibus
1158 1560 1352 1630 Drasdensis

148 1664 247 1730 codex
269 1665 321 1731 vel
343 1687 544 1731 communem
567 1689 640 1732 cum
662 1665 850 1736 Florentino
872 1664 1155 1752 interpolationem
1178 1665 1279 1750 traxit
1300 1667 1351 1732 vel

149 1789 225 1834 casu
248 1770 414 1854 corruptus
437 1770 504 1853 est,
528 1791 560 1854 p.
582 1769 635 1855 34,
660 1770 679 1836 ‘l
707 1776 792 1836 uolui
815 1779 891 1836 MV
920 1775 990 1836 reolo
1012 1778 1091 1844 FD:
1118 1768 1176 1844 57,
1200 1768 1222 1834 4
1248 1775 1351 1861 topice·

147 1876 260 1937 bantur
281 1881 355 1938 MV
377 1877 559 1940 iocabantur
580 1882 660 1940 FD:
694 1872 751 1953 68,
773 1872 794 1938 6
826 1879 1022 1940 minutissime
1047 1879 1179 1954 scriptos
1200 1880 1276 1937 MV
1296 1881 1351 1938 mi·

148 1980 310 2040 mninsimis
329 1981 461 2056 scriptos
482 1983 559 2042 FD:
590 1976 662 2060 103,
686 1976 706 2041 8
734 1983 823 2058 copia
848 1981 1052 2044 studiosorum
1074 1984 1150 2041 MV
1178 1983 1268 2058 copia
1288 1986 1350 2042 stn-

148 2083 267 2162 diornm
288 2085 363 2144 ΡΒ.
386 2077 495 2143 minus
517 2081 605 2144 certa
627 2081 704 2144 sunt
730 2077 827 2164 haec,
855 2101 888 2164 p.
911 2078 942 2164 4,
968 2080 984 2144 1
1007 2083 1085 2144 nihil
1111 2099 1253 2160 umquam
1274 2088 1351 2145 MV

147 2185 223 2247 nibil
252 2192 322 2247 ente
351 2191 430 2246 FD:
465 2181 585 2268 102st
615 2188 803 2247 intermisero
829 2191 904 2247 MV
936 2188 1091 2247 innumero
1118 2190 1198 2248 PD:
1235 2180 1351 2268 1224

148 2272 306 2351 Annaeum
333 2288 481 2351 Senecam
508 2288 666 2351 Lucanam
694 2295 724 2350 et
746 2291 892 2366 proxime
926 2291 1104 2366 Verpininm
1126 2293 1163 2349 Μ
1191 2289 1349 2352 Anrramrm

147 2392 293 2455 Senecam
314 2399 345 2455 et
361 2395 506 2470 proxime
534 2393 710 2470 Verqininm
732 2397 813 2455 FD:
844 2387 915 2474 126,
940 2387 979 2454 18
1005 2393 1211 2469 prominulam
1232 2398 1269 2470 tu
1288 2409 1351 2470 pro

146 2496 236 2558 modo
256 2497 379 2573 tonnam
395 2500 469 2556 ΡΒ.
493 2491 597 2557 rarius
620 2489 718 2556 etiam
732 2489 817 2557 idern
840 2490 958 2571 accidit
978 2491 1014 2557 in
1029 2488 1206 2558 Dresdensi
1228 2490 1348 2576 codice,

146 2596 183 2660 ut
210 2593 342 2681 reliquia
370 2593 529 2681 corruptis
558 2615 641 2659 unus
670 2615 778 2659 veram
806 2593 1000 2679 scripturam
1026 2586 1186 2678 servaret,
1217 2616 1250 2679 p.·
1273 2593 1306 2678 3,
1329 2595 1348 2659 7
1389 2632 1393 2636 Α

146 2704 284 2764 curatius
304 2706 334 2764 D
356 2704 536 2764 accuratius
558 2706 587 2761 F
607 2718 685 2763 cura
708 2693 830 2783 (curam
852 2697 902 2784 Μ)
931 2705 1048 2763 maiore
1067 2706 1155 2763 MV:
1183 2695 1215 2774 4,
1237 2695 1259 2760 2
1279 2703 1350 2763 zeto

145 2810 175 2868 D
196 2806 266 2867 stilo
280 2811 309 2867 F
329 2806 407 2876 libro
422 2810 472 2881 Μ,
498 2810 622 2866 cmv:
644 2800 697 2881 58,
711 2838 713 2842 ·
726 2800 764 2865 12
786 2812 818 2867 nt
839 2805 927 2866 alind
948 2807 1104 2866 creditores
1125 2804 1214 2865 alind
1234 2805 1350 2865 indices

145 2911 274 2985 eximunt
294 2914 324 2969 D
346 2912 380 2971 nt
401 2909 487 2969 alind
508 2908 623 2970 indices
643 2909 772 2985 ericam
785 2913 902 2970 ΜΠ.
930 2903 966 2968 in
980 2903 1100 2968 talibus
1123 2905 1242 2987 autem,
1267 2924 1348 2988 quac

146 3028 203 3092 per
225 3028 259 3072 sa
286 3005 523 3072 dubitationem
544 3006 689 3092 babent,
718 3009 816 3073 etiam
844 3006 1142 3094 antiquissimarum
1170 3005 1349 3071 editionum

145 3108 241 3176 lectio
263 3110 299 3176 in
320 3109 511 3181 alterutram
538 3114 665 3196 partem
687 3110 808 3197 aliquid
830 3109 1033 3176 auctoritatis
1056 3107 1183 3173 adferre
1205 3108 1296 3174 solet.

230 3211 271 3278 In
292 3212 469 3298 posteriore
490 3215 584 3299 parte
606 3213 816 3299 epistularum
844 3235 917 3279 cum
944 3214 1073 3297 praeter
1094 3209 1274 3276 Mediceum
1297 3227 1348 3276 co-

145 3315 249 3382 dicem
271 3314 352 3381 nulli
375 3316 443 3381 sint
464 3315 539 3381 libri
566 3321 665 3381 manu
691 3317 804 3402 scripti
829 3316 894 3383 nisi
914 3318 1062 3381 recentes
1091 3316 1165 3379 octo
1190 3313 1348 3382 librorum

146 3418 285 3504 codices,
307 3417 490 3505 proximum
511 3418 553 3484 ab
574 3419 630 3485 illo
653 3420 757 3486 locum
779 3418 842 3484 sibi
863 3418 1008 3494 vindicat
1024 3416 1143 3482 Aldina
1165 3416 1264 3483 editio
1284 3417 1345 3505 (a),

145 3521 290 3587 simodo
312 3521 348 3588 in
370 3543 497 3587 eanon
533 3523 749 3609 exemplorum
773 3525 849 3588 ante
877 3521 1035 3588 editorum
1062 3520 1159 3586 lectio
1196 3521 1346 3607 repetita,

145 3623 201 3690 sed
223 3623 349 3690 diversa
370 3624 412 3690 ab
433 3624 485 3690 his
508 3625 656 3690 sinodice
684 3625 811 3711 prolata
839 3627 897 3691 est.
935 3646 1035 3711 quare
1056 3645 1215 3689 summam
1238 3626 1348 3690 aucto·
1424 3646 1428 3654 ·

144 3726 275 3794 ritatem
297 3726 416 3793 habere
438 3728 558 3794 debent
580 3750 618 3793 ea
640 3751 721 3814 quac
744 3727 909 3814 utriusque
937 3726 1012 3792 libri
1035 3748 1195 3792 consensu
1217 3727 1347 3793 firman·
1428 3792 1431 3796 .

144 3831 208 3896 tur.
245 3832 280 3896 et
295 3830 438 3917 'plurimi
465 3834 541 3897 sunt
570 3831 649 3916 loci,
678 3852 815 3916 quoram
843 3830 1004 3916 scriptura
1032 3851 1105 3895 cum
1133 3831 1230 3895 antea
1258 3833 1291 3894 et
1311 3829 1347 3895 in

144 3933 275 4020 scriptis
297 3933 386 4000 et'in
408 3933 572 4019 impressis
592 3933 829 4020 exemplaribus
845 3932 1088 4019 corruptissima
1109 3931 1259 4017 ferretur,
1283 3934 1346 4024 pri·

143 4057 233 4102 mum
254 4036 290 4102 in
312 4037 434 4103 Aldina
456 4037 596 4103 editione
612 4036 800 4120 emendata,
825 4039 936 4125 postea
951 4034 1088 4101 Medicei
1104 4034 1223 4101 codicis
1238 4035 1360 4101 aucto'

143 4137 241 4206 ritate
264 4139 456 4206 confirmata
478 4143 538 4206 est.
577 4139 842 4206 dissentientibus
857 4142 965 4204 autem
987 4137 1051 4203 illis
1074 4138 1219 4223 sequitur
1241 4142 1278 4203 ut
1298 4159 1346 4203 re·
1394 4221 1396 4224 Ι

70 4304 73 4310 ,
144 4243 254 4307 centes
276 4242 369 4328 libri,
398 4243 439 4309 ad
467 4264 546 4329 quos
573 4241 638 4327 iam
667 4243 753 4309 odita
776 4241 972 4328 exemplaria
1001 4241 1160 4308 accedunt
1166 4265 1176 4325 ,·
1205 4239 1346 4327 quando-

96 4356 100 4362 ’
143 4343 272 4430 quidem
294 4368 332 4412 ea
358 4345 394 4412 in
422 4345 485 4412 hac
498 4349 599 4431 parte
627 4368 693 4412 non
721 4348 874 4434 poterant
900 4345 1169 4429 interpolatorum
1202 4342 1346 4409 codicum

143 4467 204 4530 ope
227 4447 361 4535 corrigi,
385 4449 521 4517 eandem
543 4449 770 4514 auctoritatem
797 4449 837 4514 de
865 4469 928 4533 qua
956 4447 1198 4534 supradictum
1221 4449 1271 4510 est
1292 4445 1346 4527 obf

144 4546 298 4623 tineent
320 4574 398 4622 nam
419 4552 475 4620 ubi
497 4552 548 4622 vel
569 4552 655 4621 solus
670 4551 862 4618 Drasdensis
885 4549 984 4617 codex
1006 4548 1177 4617 abledicci
1198 4547 1346 4635 partibus
