<?xml version="1.0" encoding="UTF-8"?>
<!DOCTYPE html PUBLIC "-//W3C//DTD XHTML 1.0 Transitional//EN"
    "http://www.w3.org/TR/xhtml1/DTD/xhtml1-transitional.dtd">
<html xmlns="http://www.w3.org/1999/xhtml" xml:lang="en" lang="en">
 <head>
  <title>
</title>
<meta http-equiv="Content-Type" content="text/html;charset=utf-8" />
  <meta name='ocr-system' content='tesseract 3.04.00' />
  <meta name='ocr-capabilities' content='ocr_page ocr_carea ocr_par ocr_line ocrx_word'/>
</head>
<body>
  <div class='ocr_page' id='page_1' title='image "./cplinicaecilise00plingoog_0029.png"; bbox 0 0 2934 4966; ppageno 0'>
   <div class='ocr_carea' id='block_1_1' title="bbox 145 309 856 385">
    <p class='ocr_par' dir='ltr' id='par_1_1' title="bbox 145 309 856 385">
     <span class='ocr_line' id='line_1_1' title="bbox 145 309 856 385; baseline 0.003 -27"><span class='ocrx_word' id='word_1_1' title='bbox 145 310 224 359; x_wconf 83' lang='lat' dir='ltr'><em>xxn</em></span> <span class='ocrx_word' id='word_1_2' title='bbox 390 378 393 385; x_wconf 27' lang='grc' dir='ltr'>Ι</span> <span class='ocrx_word' id='word_1_3' title='bbox 476 331 485 340; x_wconf 91' lang='grc'><em>·</em></span> <span class='ocrx_word' id='word_1_4' title='bbox 645 309 856 360; x_wconf 72' lang='lat' dir='ltr'><em>PRAEFATIO.</em></span> 
     </span>
    </p>
   </div>
   <div class='ocr_carea' id='block_1_2' title="bbox 32 470 1360 1169">
    <p class='ocr_par' dir='ltr' id='par_1_2' title="bbox 32 470 1360 1058">
     <span class='ocr_line' id='line_1_2' title="bbox 32 470 1360 547; baseline 0.002 -18"><span class='ocrx_word' id='word_1_5' title='bbox 32 477 35 481; x_wconf 81' lang='grc'><em>’</em></span> <span class='ocrx_word' id='word_1_6' title='bbox 143 470 329 546; x_wconf 80' lang='lat' dir='ltr'><em>eacrnplaris</em></span> <span class='ocrx_word' id='word_1_7' title='bbox 350 471 581 544; x_wconf 86' lang='lat' dir='ltr'><em>correctissimi,</em></span> <span class='ocrx_word' id='word_1_8' title='bbox 612 476 642 530; x_wconf 88' lang='lat' dir='ltr'><em>ct</em></span> <span class='ocrx_word' id='word_1_9' title='bbox 663 471 775 545; x_wconf 89' lang='lat' dir='ltr'><em>mirae,</em></span> <span class='ocrx_word' id='word_1_10' title='bbox 806 487 846 531; x_wconf 89' lang='lat' dir='ltr'><em>ae</em></span> <span class='ocrx_word' id='word_1_11' title='bbox 865 473 967 547; x_wconf 83' lang='lat' dir='ltr'><em>potius</em></span> <span class='ocrx_word' id='word_1_12' title='bbox 991 472 1189 533; x_wconf 78' lang='lat' dir='ltr'><em>ercticranrlae</em></span> <span class='ocrx_word' id='word_1_13' title='bbox 1219 472 1360 532; x_wconf 85' lang='lat' dir='ltr'><em>l&#39;etusta·</em></span> 
     </span>
     <span class='ocr_line' id='line_1_3' title="bbox 79 571 1360 650; baseline 0.002 -17"><span class='ocrx_word' id='word_1_14' title='bbox 79 587 81 591; x_wconf 80' lang='grc'><strong>’</strong></span> <span class='ocrx_word' id='word_1_15' title='bbox 143 575 190 635; x_wconf 88' lang='lat' dir='ltr'><em>tis.</em></span> <span class='ocrx_word' id='word_1_16' title='bbox 221 572 364 632; x_wconf 86' lang='lat' dir='ltr'><em>Eiusdem</em></span> <span class='ocrx_word' id='word_1_17' title='bbox 386 571 597 649; x_wconf 83' lang='lat' dir='ltr'><em>Pareeqpricus</em></span> <span class='ocrx_word' id='word_1_18' title='bbox 626 571 762 633; x_wconf 78' lang='lat' dir='ltr'><em>Traiano</em></span> <span class='ocrx_word' id='word_1_19' title='bbox 791 574 869 650; x_wconf 89' lang='lat' dir='ltr'><em>Imp.</em></span> <span class='ocrx_word' id='word_1_20' title='bbox 893 575 1002 636; x_wconf 86' lang='lat' dir='ltr'><em>dictus.</em></span> <span class='ocrx_word' id='word_1_21' title='bbox 1042 576 1183 636; x_wconf 84' lang='lat' dir='ltr'><em>Eiusdem</em></span> <span class='ocrx_word' id='word_1_22' title='bbox 1206 575 1245 635; x_wconf 87' lang='lat' dir='ltr'><em>de</em></span> <span class='ocrx_word' id='word_1_23' title='bbox 1274 575 1360 635; x_wconf 84' lang='lat' dir='ltr'><em>b&#39;iris</em></span> 
     </span>
     <span class='ocr_line' id='line_1_4' title="bbox 144 669 1359 754; baseline 0 -20"><span class='ocrx_word' id='word_1_24' title='bbox 144 675 312 735; x_wconf 76' lang='lat' dir='ltr'><em>illustribus</em></span> <span class='ocrx_word' id='word_1_25' title='bbox 333 675 365 734; x_wconf 91' lang='lat' dir='ltr'><em>in</em></span> <span class='ocrx_word' id='word_1_26' title='bbox 382 674 428 735; x_wconf 82' lang='lat' dir='ltr'><em>ilc</em></span> <span class='ocrx_word' id='word_1_27' title='bbox 448 677 589 748; x_wconf 91' lang='lat' dir='ltr'><em>militari,</em></span> <span class='ocrx_word' id='word_1_28' title='bbox 615 681 645 735; x_wconf 92' lang='lat' dir='ltr'><em>et</em></span> <span class='ocrx_word' id='word_1_29' title='bbox 668 676 698 734; x_wconf 90' lang='lat' dir='ltr'><em>in</em></span> <span class='ocrx_word' id='word_1_30' title='bbox 721 677 973 743; x_wconf 87' lang='lat' dir='ltr'><em>administranda</em></span> <span class='ocrx_word' id='word_1_31' title='bbox 989 677 1066 754; x_wconf 86' lang='lat' dir='ltr'><em>Ilcp.</em></span> <span class='ocrx_word' id='word_1_32' title='bbox 1089 669 1227 738; x_wconf 85' lang='lat' dir='ltr'><em>Suetonii</em></span> <span class='ocrx_word' id='word_1_33' title='bbox 1251 673 1359 735; x_wconf 77' lang='lat' dir='ltr'><em>Trari-</em></span> 
     </span>
     <span class='ocr_line' id='line_1_5' title="bbox 144 776 1360 854; baseline 0.002 -18"><span class='ocrx_word' id='word_1_34' title='bbox 144 778 234 853; x_wconf 91' lang='lat' dir='ltr'><em>quilli</em></span> <span class='ocrx_word' id='word_1_35' title='bbox 260 777 299 836; x_wconf 89' lang='lat' dir='ltr'><em>de</em></span> <span class='ocrx_word' id='word_1_36' title='bbox 325 777 421 838; x_wconf 89' lang='lat' dir='ltr'><em>claris</em></span> <span class='ocrx_word' id='word_1_37' title='bbox 444 778 657 839; x_wconf 75' lang='lat' dir='ltr'><em>Grammaticis</em></span> <span class='ocrx_word' id='word_1_38' title='bbox 683 783 714 852; x_wconf 87' lang='lat' dir='ltr'><em>et</em></span> <span class='ocrx_word' id='word_1_39' title='bbox 735 777 890 840; x_wconf 82' lang='lat' dir='ltr'><em>Rbetorib.</em></span> <span class='ocrx_word' id='word_1_40' title='bbox 919 779 996 840; x_wconf 89' lang='lat' dir='ltr'><em>Iulii</em></span> <span class='ocrx_word' id='word_1_41' title='bbox 1024 777 1218 854; x_wconf 82' lang='lat' dir='ltr'><em>obsequentis</em></span> <span class='ocrx_word' id='word_1_42' title='bbox 1240 776 1360 838; x_wconf 88' lang='lat' dir='ltr'><em>Prodi-</em></span> 
     </span>
     <span class='ocr_line' id='line_1_6' title="bbox 142 878 1360 959; baseline 0 -20"><span class='ocrx_word' id='word_1_43' title='bbox 142 881 264 954; x_wconf 84' lang='lat' dir='ltr'><em>qiorum</em></span> <span class='ocrx_word' id='word_1_44' title='bbox 286 878 372 939; x_wconf 90' lang='lat' dir='ltr'><em>liber.</em></span> <span class='ocrx_word' id='word_1_45' title='bbox 411 879 569 956; x_wconf 87' lang='lat' dir='ltr'><em>Epistolac</em></span> <span class='ocrx_word' id='word_1_46' title='bbox 597 881 708 941; x_wconf 80' lang='lat' dir='ltr'><em>decimi</em></span> <span class='ocrx_word' id='word_1_47' title='bbox 732 881 807 941; x_wconf 84' lang='lat' dir='ltr'><em>libri</em></span> <span class='ocrx_word' id='word_1_48' title='bbox 834 881 878 941; x_wconf 86' lang='lat' dir='ltr'><em>ael</em></span> <span class='ocrx_word' id='word_1_49' title='bbox 902 879 1070 943; x_wconf 86' lang='lat' dir='ltr'><em>Traianum</em></span> <span class='ocrx_word' id='word_1_50' title='bbox 1097 880 1271 959; x_wconf 74' lang='lat' dir='ltr'><em>probantur</em></span> <span class='ocrx_word' id='word_1_51' title='bbox 1292 896 1360 941; x_wconf 87' lang='lat' dir='ltr'><em>esse</em></span> 
     </span>
     <span class='ocr_line' id='line_1_7' title="bbox 146 981 1356 1058; baseline 0.001 -17"><span class='ocrx_word' id='word_1_52' title='bbox 146 981 238 1041; x_wconf 81' lang='lat' dir='ltr'><em>Plinii</em></span> <span class='ocrx_word' id='word_1_53' title='bbox 263 983 294 1042; x_wconf 91' lang='lat' dir='ltr'><em>in</em></span> <span class='ocrx_word' id='word_1_54' title='bbox 323 984 459 1057; x_wconf 81' lang='lat' dir='ltr'><em>sequenti</em></span> <span class='ocrx_word' id='word_1_55' title='bbox 483 984 624 1058; x_wconf 88' lang='lat' dir='ltr'><em>epistota.</em></span> <span class='ocrx_word' id='word_1_56' title='bbox 663 982 746 1043; x_wconf 89' lang='lat' dir='ltr'><em>Inibi</em></span> <span class='ocrx_word' id='word_1_57' title='bbox 772 986 863 1045; x_wconf 90' lang='lat' dir='ltr'><em>etiam</em></span> <span class='ocrx_word' id='word_1_58' title='bbox 889 984 970 1045; x_wconf 91' lang='lat' dir='ltr'><em>liber</em></span> <span class='ocrx_word' id='word_1_59' title='bbox 997 985 1036 1045; x_wconf 90' lang='lat' dir='ltr'><em>dc</em></span> <span class='ocrx_word' id='word_1_60' title='bbox 1064 985 1146 1046; x_wconf 83' lang='lat' dir='ltr'><em>Viris</em></span> <span class='ocrx_word' id='word_1_61' title='bbox 1172 983 1356 1057; x_wconf 80' lang='lat' dir='ltr'><em>illustribus,</em></span> 
     </span>
    </p>

    <p class='ocr_par' dir='ltr' id='par_1_3' title="bbox 144 1081 1042 1169">
     <span class='ocr_line' id='line_1_8' title="bbox 144 1081 1042 1169; baseline 0.003 -25"><span class='ocrx_word' id='word_1_62' title='bbox 144 1101 205 1145; x_wconf 91' lang='lat' dir='ltr'><em>non</em></span> <span class='ocrx_word' id='word_1_63' title='bbox 232 1083 416 1159; x_wconf 81' lang='lat' dir='ltr'><em>Tranquilli,</em></span> <span class='ocrx_word' id='word_1_64' title='bbox 440 1085 495 1145; x_wconf 89' lang='lat' dir='ltr'><em>sed</em></span> <span class='ocrx_word' id='word_1_65' title='bbox 516 1086 612 1146; x_wconf 85' lang='lat' dir='ltr'><em>Plinii</em></span> <span class='ocrx_word' id='word_1_66' title='bbox 631 1102 695 1146; x_wconf 90' lang='lat' dir='ltr'><em>esse</em></span> <span class='ocrx_word' id='word_1_67' title='bbox 717 1086 897 1147; x_wconf 79' lang='lat' dir='ltr'><em>ostenditur.</em></span> <span class='ocrx_word' id='word_1_68' title='bbox 943 1081 982 1169; x_wconf 85' lang='lat' dir='ltr'><em>(f.</em></span> <span class='ocrx_word' id='word_1_69' title='bbox 1005 1082 1042 1168; x_wconf 76' lang='grc'><em>2)</em></span> 
     </span>
    </p>
   </div>
   <div class='ocr_carea' id='block_1_3' title="bbox 146 1347 1459 1691">
    <p class='ocr_par' dir='ltr' id='par_1_4' title="bbox 146 1347 1459 1691">
     <span class='ocr_line' id='line_1_9' title="bbox 330 1347 1165 1451; baseline 0.002 -2"><span class='ocrx_word' id='word_1_70' title='bbox 330 1347 487 1449; x_wconf 75' lang='lat' dir='ltr'><em>ouov&#39;s</em></span> <span class='ocrx_word' id='word_1_71' title='bbox 521 1375 630 1450; x_wconf 76' lang='lat' dir='ltr'><em>eivs</em></span> <span class='ocrx_word' id='word_1_72' title='bbox 657 1375 908 1449; x_wconf 75' lang='lat' dir='ltr'><em>MANVTIVS</em></span> <span class='ocrx_word' id='word_1_73' title='bbox 935 1375 1165 1451; x_wconf 75' lang='lat' dir='ltr'><em>uosinavs</em></span> 
     </span>
     <span class='ocr_line' id='line_1_10' title="bbox 146 1486 1459 1619; baseline 0 -50"><span class='ocrx_word' id='word_1_74' title='bbox 146 1491 330 1569; x_wconf 71' lang='lat' dir='ltr'><em>osonio</em></span> <span class='ocrx_word' id='word_1_75' title='bbox 343 1489 580 1600; x_wconf 74' lang='lat' dir='ltr'><em>suessico</em></span> <span class='ocrx_word' id='word_1_76' title='bbox 603 1494 783 1588; x_wconf 72' lang='lat' dir='ltr'><em>noviss,</em></span> <span class='ocrx_word' id='word_1_77' title='bbox 813 1491 876 1569; x_wconf 76' lang='lat' dir='ltr'><em>ser</em></span> <span class='ocrx_word' id='word_1_78' title='bbox 897 1495 1136 1570; x_wconf 68' lang='lat' dir='ltr'><em>seusiam</em></span> <span class='ocrx_word' id='word_1_79' title='bbox 1150 1495 1358 1571; x_wconf 72' lang='lat' dir='ltr'><em>inausa</em></span> <span class='ocrx_word' id='word_1_80' title='bbox 1384 1486 1390 1499; x_wconf 87' lang='grc'><strong><em>’</em></strong></span> <span class='ocrx_word' id='word_1_81' title='bbox 1450 1593 1459 1619; x_wconf 35' lang='lat'>⁴</span> 
     </span>
     <span class='ocr_line' id='line_1_11' title="bbox 667 1614 1203 1691; baseline -0.001 -1"><span class='ocrx_word' id='word_1_82' title='bbox 667 1614 702 1690; x_wconf 81' lang='lat' dir='ltr'><em>S.</em></span> <span class='ocrx_word' id='word_1_83' title='bbox 729 1615 770 1691; x_wconf 81' lang='grc' dir='ltr'><em>Ρ.</em></span> <span class='ocrx_word' id='word_1_84' title='bbox 798 1615 842 1688; x_wconf 83' lang='lat' dir='ltr'><em>o.</em></span> <span class='ocrx_word' id='word_1_85' title='bbox 1199 1635 1203 1642; x_wconf 95' lang='lat'>·</span> 
     </span>
    </p>
   </div>
   <div class='ocr_carea' id='block_1_4' title="bbox 40 1820 1444 4679">
    <p class='ocr_par' dir='ltr' id='par_1_5' title="bbox 40 1820 1444 4679">
     <span class='ocr_line' id='line_1_12' title="bbox 124 1820 1362 1900; baseline 0.002 -18"><span class='ocrx_word' id='word_1_86' title='bbox 124 1821 127 1825; x_wconf 81' lang='grc'>’</span> <span class='ocrx_word' id='word_1_87' title='bbox 172 1834 187 1867; x_wconf 78' lang='lat'><em>⁸</em></span> <span class='ocrx_word' id='word_1_88' title='bbox 232 1820 354 1883; x_wconf 87' lang='lat' dir='ltr'><em>Olebam</em></span> <span class='ocrx_word' id='word_1_89' title='bbox 375 1822 585 1900; x_wconf 89' lang='lat' dir='ltr'><em>superioribus</em></span> <span class='ocrx_word' id='word_1_90' title='bbox 607 1823 705 1882; x_wconf 78' lang='lat' dir='ltr'><em>Amnis</em></span> <span class='ocrx_word' id='word_1_91' title='bbox 728 1821 830 1882; x_wconf 84' lang='lat' dir='ltr'><em>Aloisi</em></span> <span class='ocrx_word' id='word_1_92' title='bbox 849 1824 905 1882; x_wconf 85' lang='lat' dir='ltr'><em>l&#39;ir</em></span> <span class='ocrx_word' id='word_1_93' title='bbox 928 1824 1053 1883; x_wconf 84' lang='lat' dir='ltr'><em>Clariss.</em></span> <span class='ocrx_word' id='word_1_94' title='bbox 1068 1839 1136 1884; x_wconf 90' lang='lat' dir='ltr'><em>aum</em></span> <span class='ocrx_word' id='word_1_95' title='bbox 1152 1829 1206 1884; x_wconf 89' lang='lat' dir='ltr'><em>aut</em></span> <span class='ocrx_word' id='word_1_96' title='bbox 1224 1821 1258 1882; x_wconf 84' lang='grc' dir='ltr'><em>Τ.</em></span> <span class='ocrx_word' id='word_1_97' title='bbox 1275 1823 1362 1885; x_wconf 82' lang='lat' dir='ltr'><em>Liuii</em></span> 
     </span>
     <span class='ocr_line' id='line_1_13' title="bbox 40 1911 1360 2002; baseline -0.005 -12"><span class='ocrx_word' id='word_1_98' title='bbox 40 1973 45 1980; x_wconf 80' lang='lat'><strong>·</strong></span> <span class='ocrx_word' id='word_1_99' title='bbox 147 1929 301 2000; x_wconf 81' lang='lat' dir='ltr'><em>Pecades,</em></span> <span class='ocrx_word' id='word_1_100' title='bbox 326 1942 406 2002; x_wconf 90' lang='lat' dir='ltr'><em>quae</em></span> <span class='ocrx_word' id='word_1_101' title='bbox 428 1941 488 1987; x_wconf 86' lang='lat' dir='ltr'><em>nore</em></span> <span class='ocrx_word' id='word_1_102' title='bbox 511 1911 620 1985; x_wconf 79' lang='lat' dir='ltr'><em>extare</em></span> <span class='ocrx_word' id='word_1_103' title='bbox 641 1925 827 1997; x_wconf 89' lang='lat' dir='ltr'><em>ereduntur,</em></span> <span class='ocrx_word' id='word_1_104' title='bbox 858 1933 912 1984; x_wconf 81' lang='lat' dir='ltr'><em>atat</em></span> <span class='ocrx_word' id='word_1_105' title='bbox 933 1924 1088 2000; x_wconf 80' lang='lat' dir='ltr'><em>Sallustii,</em></span> <span class='ocrx_word' id='word_1_106' title='bbox 1112 1932 1166 1987; x_wconf 91' lang='lat' dir='ltr'><em>aut</em></span> <span class='ocrx_word' id='word_1_107' title='bbox 1191 1923 1287 2001; x_wconf 83' lang='lat' dir='ltr'><em>Troqi</em></span> <span class='ocrx_word' id='word_1_108' title='bbox 1305 1925 1360 1985; x_wconf 87' lang='lat' dir='ltr'><em>bi-</em></span> 
     </span>
     <span class='ocr_line' id='line_1_14' title="bbox 146 2028 1361 2104; baseline -0.003 -12"><span class='ocrx_word' id='word_1_109' title='bbox 146 2033 274 2103; x_wconf 88' lang='lat' dir='ltr'><em>storias,</em></span> <span class='ocrx_word' id='word_1_110' title='bbox 310 2035 365 2089; x_wconf 91' lang='lat' dir='ltr'><em>aut</em></span> <span class='ocrx_word' id='word_1_111' title='bbox 394 2030 528 2104; x_wconf 89' lang='lat' dir='ltr'><em>quemuis</em></span> <span class='ocrx_word' id='word_1_112' title='bbox 554 2028 650 2088; x_wconf 81' lang='lat' dir='ltr'><em>alitem</em></span> <span class='ocrx_word' id='word_1_113' title='bbox 680 2045 720 2088; x_wconf 81' lang='lat' dir='ltr'><em>ex</em></span> <span class='ocrx_word' id='word_1_114' title='bbox 753 2029 887 2104; x_wconf 77' lang='lat' dir='ltr'><em>antiquis</em></span> <span class='ocrx_word' id='word_1_115' title='bbox 921 2029 1080 2090; x_wconf 89' lang='lat' dir='ltr'><em>autoribus</em></span> <span class='ocrx_word' id='word_1_116' title='bbox 1106 2031 1263 2089; x_wconf 87' lang='lat' dir='ltr'><em>inuentum</em></span> <span class='ocrx_word' id='word_1_117' title='bbox 1295 2043 1361 2089; x_wconf 85' lang='lat' dir='ltr'><em>esse</em></span> 
     </span>
     <span class='ocr_line' id='line_1_15' title="bbox 147 2126 1444 2206; baseline -0.002 -12"><span class='ocrx_word' id='word_1_118' title='bbox 147 2133 324 2206; x_wconf 80' lang='lat' dir='ltr'><em>audiebam,</em></span> <span class='ocrx_word' id='word_1_119' title='bbox 350 2126 448 2206; x_wconf 76' lang='lat' dir='ltr'><em>nuqeis</em></span> <span class='ocrx_word' id='word_1_120' title='bbox 471 2131 588 2204; x_wconf 83' lang='lat' dir='ltr'><em>dicere,</em></span> <span class='ocrx_word' id='word_1_121' title='bbox 614 2147 652 2190; x_wconf 92' lang='lat' dir='ltr'><em>ae</em></span> <span class='ocrx_word' id='word_1_122' title='bbox 670 2128 808 2202; x_wconf 83' lang='lat' dir='ltr'><em>fabulas.</em></span> <span class='ocrx_word' id='word_1_123' title='bbox 847 2131 912 2190; x_wconf 85' lang='lat' dir='ltr'><em>Sed</em></span> <span class='ocrx_word' id='word_1_124' title='bbox 931 2147 972 2190; x_wconf 58' lang='lat' dir='ltr'><em>eac</em></span> <span class='ocrx_word' id='word_1_125' title='bbox 994 2148 1054 2206; x_wconf 93' lang='lat' dir='ltr'><em>quo</em></span> <span class='ocrx_word' id='word_1_126' title='bbox 1076 2137 1108 2192; x_wconf 90' lang='lat' dir='ltr'><em>iu</em></span> <span class='ocrx_word' id='word_1_127' title='bbox 1130 2147 1147 2190; x_wconf 88' lang='lat' dir='ltr'><em>e</em></span> <span class='ocrx_word' id='word_1_128' title='bbox 1170 2130 1283 2204; x_wconf 84' lang='lat' dir='ltr'><em>Gallia,</em></span> <span class='ocrx_word' id='word_1_129' title='bbox 1308 2130 1362 2192; x_wconf 90' lang='lat' dir='ltr'><em>ubi</em></span> <span class='ocrx_word' id='word_1_130' title='bbox 1442 2163 1444 2167; x_wconf 54' lang='lat'>&lt;</span> 
     </span>
     <span class='ocr_line' id='line_1_16' title="bbox 146 2233 1411 2313; baseline -0.003 -17"><span class='ocrx_word' id='word_1_131' title='bbox 146 2253 205 2312; x_wconf 87' lang='lat' dir='ltr'><em>pra</em></span> <span class='ocrx_word' id='word_1_132' title='bbox 239 2234 356 2295; x_wconf 73' lang='lat' dir='ltr'><em>‚Senatu</em></span> <span class='ocrx_word' id='word_1_133' title='bbox 389 2240 441 2294; x_wconf 81' lang='lat' dir='ltr'><em>teta</em></span> <span class='ocrx_word' id='word_1_134' title='bbox 481 2235 695 2306; x_wconf 82' lang='lat' dir='ltr'><em>inteperrime,</em></span> <span class='ocrx_word' id='word_1_135' title='bbox 739 2235 1028 2308; x_wconf 79' lang='lat' dir='ltr'><em>aceruatissiraeque</em></span> <span class='ocrx_word' id='word_1_136' title='bbox 1072 2233 1205 2304; x_wconf 77' lang='lat' dir='ltr'><em>leuatum</em></span> <span class='ocrx_word' id='word_1_137' title='bbox 1250 2249 1357 2307; x_wconf 79' lang='lat' dir='ltr'><em>opens.</em></span> <span class='ocrx_word' id='word_1_138' title='bbox 1408 2308 1411 2313; x_wconf 8' lang='grc' dir='ltr'><em>θ</em></span> 
     </span>
     <span class='ocr_line' id='line_1_17' title="bbox 51 2336 1358 2413; baseline -0.001 -17"><span class='ocrx_word' id='word_1_139' title='bbox 51 2358 55 2366; x_wconf 79' lang='grc'><em>’</em></span> <span class='ocrx_word' id='word_1_140' title='bbox 149 2355 291 2413; x_wconf 73' lang='lat' dir='ltr'><em>nentiquam</em></span> <span class='ocrx_word' id='word_1_141' title='bbox 314 2337 370 2396; x_wconf 88' lang='lat' dir='ltr'><em>tibi</em></span> <span class='ocrx_word' id='word_1_142' title='bbox 391 2337 526 2401; x_wconf 75' lang='lat' dir='ltr'><em>ternariam,</em></span> <span class='ocrx_word' id='word_1_143' title='bbox 551 2344 579 2394; x_wconf 87' lang='lat' dir='ltr'><em>at</em></span> <span class='ocrx_word' id='word_1_144' title='bbox 600 2336 731 2407; x_wconf 74' lang='lat' dir='ltr'><em>¹aleriam</em></span> <span class='ocrx_word' id='word_1_145' title='bbox 749 2339 914 2412; x_wconf 74' lang='lat' dir='ltr'><em>peperisti,</em></span> <span class='ocrx_word' id='word_1_146' title='bbox 946 2353 1013 2396; x_wconf 80' lang='lat' dir='ltr'><em>enirn</em></span> <span class='ocrx_word' id='word_1_147' title='bbox 1036 2336 1189 2412; x_wconf 74' lang='lat' dir='ltr'><em>pistrinus,</em></span> <span class='ocrx_word' id='word_1_148' title='bbox 1213 2352 1292 2411; x_wconf 82' lang='lat' dir='ltr'><em>quaa</em></span> <span class='ocrx_word' id='word_1_149' title='bbox 1315 2339 1358 2395; x_wconf 88' lang='lat' dir='ltr'><em>iu·</em></span> 
     </span>
     <span class='ocr_line' id='line_1_18' title="bbox 80 2438 1360 2516; baseline -0.004 -13"><span class='ocrx_word' id='word_1_150' title='bbox 80 2458 84 2462; x_wconf 87' lang='lat'>·</span> <span class='ocrx_word' id='word_1_151' title='bbox 148 2461 210 2503; x_wconf 86' lang='lat' dir='ltr'><em>esse</em></span> <span class='ocrx_word' id='word_1_152' title='bbox 233 2442 345 2516; x_wconf 80' lang='lat' dir='ltr'><em>optineo</em></span> <span class='ocrx_word' id='word_1_153' title='bbox 371 2441 494 2499; x_wconf 75' lang='lat' dir='ltr'><em>aratori</em></span> <span class='ocrx_word' id='word_1_154' title='bbox 516 2443 647 2514; x_wconf 77' lang='lat' dir='ltr'><em>oporiet,</em></span> <span class='ocrx_word' id='word_1_155' title='bbox 673 2447 733 2497; x_wconf 89' lang='lat' dir='ltr'><em>tum</em></span> <span class='ocrx_word' id='word_1_156' title='bbox 758 2441 927 2516; x_wconf 83' lang='lat' dir='ltr'><em>eloquentia</em></span> <span class='ocrx_word' id='word_1_157' title='bbox 952 2441 1004 2498; x_wconf 88' lang='lat' dir='ltr'><em>illa</em></span> <span class='ocrx_word' id='word_1_158' title='bbox 1027 2448 1081 2500; x_wconf 92' lang='lat' dir='ltr'><em>tua</em></span> <span class='ocrx_word' id='word_1_159' title='bbox 1103 2438 1270 2514; x_wconf 78' lang='lat' dir='ltr'><em>sinqulari,</em></span> <span class='ocrx_word' id='word_1_160' title='bbox 1296 2454 1360 2514; x_wconf 84' lang='lat' dir='ltr'><em>qua</em></span> 
     </span>
     <span class='ocr_line' id='line_1_19' title="bbox 112 2539 1359 2628; baseline -0.004 -23"><span class='ocrx_word' id='word_1_161' title='bbox 112 2618 115 2623; x_wconf 29' lang='grc'>,</span> <span class='ocrx_word' id='word_1_162' title='bbox 149 2544 205 2606; x_wconf 84' lang='lat' dir='ltr'><em>libi</em></span> <span class='ocrx_word' id='word_1_163' title='bbox 226 2547 299 2604; x_wconf 92' lang='lat' dir='ltr'><em>ante</em></span> <span class='ocrx_word' id='word_1_164' title='bbox 319 2546 350 2602; x_wconf 90' lang='lat' dir='ltr'><em>ct</em></span> <span class='ocrx_word' id='word_1_165' title='bbox 371 2542 509 2615; x_wconf 81' lang='lat' dir='ltr'><em>diuitias,</em></span> <span class='ocrx_word' id='word_1_166' title='bbox 534 2542 719 2628; x_wconf 84' lang='lat' dir='ltr'><em>etqratiarn</em></span> <span class='ocrx_word' id='word_1_167' title='bbox 742 2541 774 2600; x_wconf 91' lang='lat' dir='ltr'><em>in</em></span> <span class='ocrx_word' id='word_1_168' title='bbox 797 2540 856 2602; x_wconf 88' lang='lat' dir='ltr'><em>bac</em></span> <span class='ocrx_word' id='word_1_169' title='bbox 879 2539 955 2617; x_wconf 81' lang='lat' dir='ltr'><em>Rep.</em></span> <span class='ocrx_word' id='word_1_170' title='bbox 980 2541 1088 2604; x_wconf 78' lang='lat' dir='ltr'><em>excell.</em></span> <span class='ocrx_word' id='word_1_171' title='bbox 1104 2553 1359 2620; x_wconf 86' lang='lat' dir='ltr'><em>comparaueras,</em></span> 
     </span>
     <span class='ocr_line' id='line_1_20' title="bbox 149 2624 1384 2721; baseline -0.002 -15"><span class='ocrx_word' id='word_1_172' title='bbox 149 2648 205 2707; x_wconf 83' lang='lat' dir='ltr'><em>itas</em></span> <span class='ocrx_word' id='word_1_173' title='bbox 229 2647 323 2706; x_wconf 88' lang='lat' dir='ltr'><em>Plinii</em></span> <span class='ocrx_word' id='word_1_174' title='bbox 354 2645 497 2721; x_wconf 89' lang='lat' dir='ltr'><em>epistolas</em></span> <span class='ocrx_word' id='word_1_175' title='bbox 525 2647 555 2703; x_wconf 91' lang='lat' dir='ltr'><em>in</em></span> <span class='ocrx_word' id='word_1_176' title='bbox 579 2624 704 2703; x_wconf 83' lang='lat' dir='ltr'><em>ltalimn</em></span> <span class='ocrx_word' id='word_1_177' title='bbox 732 2626 915 2718; x_wconf 77' lang='lat' dir='ltr'><em>reportasti,</em></span> <span class='ocrx_word' id='word_1_178' title='bbox 951 2645 983 2702; x_wconf 89' lang='lat' dir='ltr'><em>in</em></span> <span class='ocrx_word' id='word_1_179' title='bbox 1016 2631 1194 2703; x_wconf 86' lang='lat' dir='ltr'><em>mernbr&#39;aua</em></span> <span class='ocrx_word' id='word_1_180' title='bbox 1215 2634 1384 2719; x_wconf 63' lang='lat' dir='ltr'><em>scriptas,</em></span> 
     </span>
     <span class='ocr_line' id='line_1_21' title="bbox 150 2745 1360 2825; baseline -0.005 -15"><span class='ocrx_word' id='word_1_181' title='bbox 150 2756 241 2825; x_wconf 91' lang='lat' dir='ltr'><em>atque</em></span> <span class='ocrx_word' id='word_1_182' title='bbox 263 2749 341 2809; x_wconf 89' lang='lat' dir='ltr'><em>adeo</em></span> <span class='ocrx_word' id='word_1_183' title='bbox 364 2748 492 2808; x_wconf 87' lang='lat' dir='ltr'><em>diuersis</em></span> <span class='ocrx_word' id='word_1_184' title='bbox 515 2763 535 2805; x_wconf 92' lang='lat' dir='ltr'><em>a</em></span> <span class='ocrx_word' id='word_1_185' title='bbox 557 2746 666 2806; x_wconf 87' lang='lat' dir='ltr'><em>nastris</em></span> <span class='ocrx_word' id='word_1_186' title='bbox 695 2745 941 2820; x_wconf 77' lang='lat' dir='ltr'><em>characteribus,</em></span> <span class='ocrx_word' id='word_1_187' title='bbox 974 2753 1006 2807; x_wconf 89' lang='lat' dir='ltr'><em>ut</em></span> <span class='ocrx_word' id='word_1_188' title='bbox 1033 2748 1094 2807; x_wconf 89' lang='lat' dir='ltr'><em>nisi</em></span> <span class='ocrx_word' id='word_1_189' title='bbox 1124 2746 1192 2823; x_wconf 89' lang='lat' dir='ltr'><em>quis</em></span> <span class='ocrx_word' id='word_1_190' title='bbox 1225 2746 1278 2805; x_wconf 88' lang='lat' dir='ltr'><em>diu</em></span> <span class='ocrx_word' id='word_1_191' title='bbox 1310 2761 1360 2804; x_wconf 85' lang='lat' dir='ltr'><em>as-</em></span> 
     </span>
     <span class='ocr_line' id='line_1_22' title="bbox 148 2846 1363 2926; baseline -0.006 -12"><span class='ocrx_word' id='word_1_192' title='bbox 148 2854 296 2925; x_wconf 78' lang='lat' dir='ltr'><em>secuerit,</em></span> <span class='ocrx_word' id='word_1_193' title='bbox 322 2866 383 2911; x_wconf 92' lang='lat' dir='ltr'><em>non</em></span> <span class='ocrx_word' id='word_1_194' title='bbox 406 2856 498 2926; x_wconf 88' lang='lat' dir='ltr'><em>queat</em></span> <span class='ocrx_word' id='word_1_195' title='bbox 518 2850 635 2924; x_wconf 87' lang='lat' dir='ltr'><em>leqere,</em></span> <span class='ocrx_word' id='word_1_196' title='bbox 666 2850 755 2924; x_wconf 85' lang='lat' dir='ltr'><em>coepi</em></span> <span class='ocrx_word' id='word_1_197' title='bbox 773 2865 903 2924; x_wconf 87' lang='lat' dir='ltr'><em>sperare</em></span> <span class='ocrx_word' id='word_1_198' title='bbox 924 2850 1035 2910; x_wconf 90' lang='lat' dir='ltr'><em>mirum</em></span> <span class='ocrx_word' id='word_1_199' title='bbox 1064 2851 1096 2910; x_wconf 90' lang='lat' dir='ltr'><em>in</em></span> <span class='ocrx_word' id='word_1_200' title='bbox 1124 2849 1260 2922; x_wconf 85' lang='lat' dir='ltr'><em>modum,</em></span> <span class='ocrx_word' id='word_1_201' title='bbox 1287 2846 1363 2919; x_wconf 88' lang='lat' dir='ltr'><em>fore</em></span> 
     </span>
     <span class='ocr_line' id='line_1_23' title="bbox 149 2952 1362 3030; baseline -0.004 -15"><span class='ocrx_word' id='word_1_202' title='bbox 149 2961 250 3015; x_wconf 89' lang='lat' dir='ltr'><em>aetate</em></span> <span class='ocrx_word' id='word_1_203' title='bbox 271 2961 392 3020; x_wconf 86' lang='lat' dir='ltr'><em>nostra,</em></span> <span class='ocrx_word' id='word_1_204' title='bbox 416 2958 449 3012; x_wconf 93' lang='lat' dir='ltr'><em>ut</em></span> <span class='ocrx_word' id='word_1_205' title='bbox 469 2954 598 3030; x_wconf 88' lang='lat' dir='ltr'><em>plurimi</em></span> <span class='ocrx_word' id='word_1_206' title='bbox 617 2968 657 3011; x_wconf 80' lang='lat' dir='ltr'><em>en</em></span> <span class='ocrx_word' id='word_1_207' title='bbox 680 2952 765 3011; x_wconf 80' lang='lat' dir='ltr'><em>boreis</em></span> <span class='ocrx_word' id='word_1_208' title='bbox 788 2952 964 3023; x_wconf 87' lang='lat' dir='ltr'><em>autoribus,</em></span> <span class='ocrx_word' id='word_1_209' title='bbox 990 2968 1065 3026; x_wconf 91' lang='lat' dir='ltr'><em>quas</em></span> <span class='ocrx_word' id='word_1_210' title='bbox 1086 2969 1149 3012; x_wconf 90' lang='lat' dir='ltr'><em>non</em></span> <span class='ocrx_word' id='word_1_211' title='bbox 1164 2957 1274 3012; x_wconf 81' lang='lat' dir='ltr'><em>entare</em></span> <span class='ocrx_word' id='word_1_212' title='bbox 1294 2968 1362 3011; x_wconf 88' lang='lat' dir='ltr'><em>cre·</em></span> 
     </span>
     <span class='ocr_line' id='line_1_24' title="bbox 150 3047 1415 3136; baseline -0.005 -17"><span class='ocrx_word' id='word_1_213' title='bbox 150 3060 263 3132; x_wconf 86' lang='lat' dir='ltr'><em>diacus,</em></span> <span class='ocrx_word' id='word_1_214' title='bbox 288 3058 496 3117; x_wconf 85' lang='lat' dir='ltr'><em>inveniantur.</em></span> <span class='ocrx_word' id='word_1_215' title='bbox 536 3056 590 3114; x_wconf 88' lang='lat' dir='ltr'><em>Est</em></span> <span class='ocrx_word' id='word_1_216' title='bbox 616 3056 693 3136; x_wconf 85' lang='lat' dir='ltr'><em>enirn</em></span> <span class='ocrx_word' id='word_1_217' title='bbox 718 3055 856 3116; x_wconf 89' lang='lat' dir='ltr'><em>uolumen</em></span> <span class='ocrx_word' id='word_1_218' title='bbox 880 3057 978 3131; x_wconf 88' lang='lat' dir='ltr'><em>ipsum</em></span> <span class='ocrx_word' id='word_1_219' title='bbox 1009 3071 1068 3115; x_wconf 92' lang='lat' dir='ltr'><em>nou</em></span> <span class='ocrx_word' id='word_1_220' title='bbox 1084 3055 1180 3115; x_wconf 90' lang='lat' dir='ltr'><em>sotum</em></span> <span class='ocrx_word' id='word_1_221' title='bbox 1202 3055 1362 3115; x_wconf 87' lang='lat' dir='ltr'><em>correctis·</em></span> <span class='ocrx_word' id='word_1_222' title='bbox 1412 3047 1415 3052; x_wconf 80' lang='grc'><strong>’</strong></span> 
     </span>
     <span class='ocr_line' id='line_1_25' title="bbox 150 3138 1361 3235; baseline -0.006 -13"><span class='ocrx_word' id='word_1_223' title='bbox 150 3163 272 3233; x_wconf 90' lang='lat' dir='ltr'><em>simum,</em></span> <span class='ocrx_word' id='word_1_224' title='bbox 296 3161 463 3221; x_wconf 86' lang='lat' dir='ltr'><em>sedetiam</em></span> <span class='ocrx_word' id='word_1_225' title='bbox 485 3161 531 3219; x_wconf 90' lang='lat' dir='ltr'><em>ita</em></span> <span class='ocrx_word' id='word_1_226' title='bbox 553 3160 727 3235; x_wconf 69' lang='lat' dir='ltr'><em>(initimum,</em></span> <span class='ocrx_word' id='word_1_227' title='bbox 750 3164 783 3217; x_wconf 92' lang='lat' dir='ltr'><em>ut</em></span> <span class='ocrx_word' id='word_1_228' title='bbox 801 3164 905 3234; x_wconf 89' lang='lat' dir='ltr'><em>putem</em></span> <span class='ocrx_word' id='word_1_229' title='bbox 927 3159 1075 3233; x_wconf 89' lang='lat' dir='ltr'><em>scriptum</em></span> <span class='ocrx_word' id='word_1_230' title='bbox 1098 3138 1193 3218; x_wconf 86' lang='lat' dir='ltr'><em>Plinii</em></span> <span class='ocrx_word' id='word_1_231' title='bbox 1213 3157 1361 3234; x_wconf 83' lang='lat' dir='ltr'><em>tempori-</em></span> 
     </span>
     <span class='ocr_line' id='line_1_26' title="bbox 150 3258 1364 3338; baseline -0.007 -13"><span class='ocrx_word' id='word_1_232' title='bbox 150 3265 213 3325; x_wconf 89' lang='lat' dir='ltr'><em>bus.</em></span> <span class='ocrx_word' id='word_1_233' title='bbox 253 3262 467 3338; x_wconf 75' lang='lat' dir='ltr'><em>Quamobrem,</em></span> <span class='ocrx_word' id='word_1_234' title='bbox 494 3263 536 3335; x_wconf 86' lang='lat' dir='ltr'><em>si,</em></span> <span class='ocrx_word' id='word_1_235' title='bbox 566 3270 599 3322; x_wconf 91' lang='lat' dir='ltr'><em>ut</em></span> <span class='ocrx_word' id='word_1_236' title='bbox 621 3261 760 3335; x_wconf 89' lang='lat' dir='ltr'><em>uidetur,</em></span> <span class='ocrx_word' id='word_1_237' title='bbox 791 3260 929 3320; x_wconf 89' lang='lat' dir='ltr'><em>uPtinii</em></span> <span class='ocrx_word' id='word_1_238' title='bbox 950 3267 1051 3320; x_wconf 86' lang='lat' dir='ltr'><em>aetate</em></span> <span class='ocrx_word' id='word_1_239' title='bbox 1083 3259 1127 3319; x_wconf 89' lang='lat' dir='ltr'><em>ad</em></span> <span class='ocrx_word' id='word_1_240' title='bbox 1158 3258 1235 3319; x_wconf 87' lang='lat' dir='ltr'><em>baec</em></span> <span class='ocrx_word' id='word_1_241' title='bbox 1268 3275 1364 3334; x_wconf 87' lang='lat' dir='ltr'><em>usquc</em></span> 
     </span>
     <span class='ocr_line' id='line_1_27' title="bbox 149 3360 1364 3452; baseline -0.007 -24"><span class='ocrx_word' id='word_1_242' title='bbox 149 3375 290 3443; x_wconf 84' lang='lat' dir='ltr'><em>tempora</em></span> <span class='ocrx_word' id='word_1_243' title='bbox 312 3367 370 3427; x_wconf 82' lang='lat' dir='ltr'><em>troc</em></span> <span class='ocrx_word' id='word_1_244' title='bbox 392 3365 591 3452; x_wconf 75' lang='lat' dir='ltr'><em>epistolarum</em></span> <span class='ocrx_word' id='word_1_245' title='bbox 613 3365 751 3424; x_wconf 91' lang='lat' dir='ltr'><em>uolumen</em></span> <span class='ocrx_word' id='word_1_246' title='bbox 775 3369 932 3424; x_wconf 90' lang='lat' dir='ltr'><em>seruatum</em></span> <span class='ocrx_word' id='word_1_247' title='bbox 954 3368 1013 3437; x_wconf 90' lang='lat' dir='ltr'><em>est,</em></span> <span class='ocrx_word' id='word_1_248' title='bbox 1040 3365 1095 3436; x_wconf 82' lang='lat' dir='ltr'><em>fit,</em></span> <span class='ocrx_word' id='word_1_249' title='bbox 1119 3368 1153 3421; x_wconf 92' lang='lat' dir='ltr'><em>ut</em></span> <span class='ocrx_word' id='word_1_250' title='bbox 1170 3360 1271 3434; x_wconf 80' lang='lat' dir='ltr'><em>facile</em></span> <span class='ocrx_word' id='word_1_251' title='bbox 1291 3376 1364 3421; x_wconf 89' lang='lat' dir='ltr'><em>cre-</em></span> 
     </span>
     <span class='ocr_line' id='line_1_28' title="bbox 128 3463 1364 3541; baseline -0.006 -10"><span class='ocrx_word' id='word_1_252' title='bbox 128 3472 224 3531; x_wconf 88' lang='lat' dir='ltr'><em>dam</em></span> <span class='ocrx_word' id='word_1_253' title='bbox 251 3476 280 3530; x_wconf 91' lang='lat' dir='ltr'><em>ct</em></span> <span class='ocrx_word' id='word_1_254' title='bbox 312 3466 344 3529; x_wconf 82' lang='grc' dir='ltr'><em>Τ.</em></span> <span class='ocrx_word' id='word_1_255' title='bbox 369 3469 506 3541; x_wconf 82' lang='lat' dir='ltr'><em>Liuium,</em></span> <span class='ocrx_word' id='word_1_256' title='bbox 542 3473 571 3526; x_wconf 90' lang='lat' dir='ltr'><em>et</em></span> <span class='ocrx_word' id='word_1_257' title='bbox 603 3467 696 3540; x_wconf 90' lang='lat' dir='ltr'><em>alios,</em></span> <span class='ocrx_word' id='word_1_258' title='bbox 732 3482 807 3541; x_wconf 91' lang='lat' dir='ltr'><em>quos</em></span> <span class='ocrx_word' id='word_1_259' title='bbox 835 3472 896 3525; x_wconf 90' lang='lat' dir='ltr'><em>tum</em></span> <span class='ocrx_word' id='word_1_260' title='bbox 925 3471 1091 3540; x_wconf 88' lang='lat' dir='ltr'><em>uetustate,</em></span> <span class='ocrx_word' id='word_1_261' title='bbox 1126 3470 1188 3525; x_wconf 92' lang='lat' dir='ltr'><em>tum</em></span> <span class='ocrx_word' id='word_1_262' title='bbox 1211 3463 1364 3524; x_wconf 79' lang='lat' dir='ltr'><em>nominum</em></span> 
     </span>
     <span class='ocr_line' id='line_1_29' title="bbox 152 3567 1366 3650; baseline -0.008 -15"><span class='ocrx_word' id='word_1_263' title='bbox 152 3573 349 3650; x_wconf 81' lang='lat' dir='ltr'><em>neqliqeniia,</em></span> <span class='ocrx_word' id='word_1_264' title='bbox 373 3577 436 3631; x_wconf 90' lang='lat' dir='ltr'><em>tum</em></span> <span class='ocrx_word' id='word_1_265' title='bbox 456 3571 490 3630; x_wconf 90' lang='lat' dir='ltr'><em>ui</em></span> <span class='ocrx_word' id='word_1_266' title='bbox 517 3571 636 3643; x_wconf 90' lang='lat' dir='ltr'><em>aliqua,</em></span> <span class='ocrx_word' id='word_1_267' title='bbox 663 3571 875 3630; x_wconf 89' lang='lat' dir='ltr'><em>incursioneue</em></span> <span class='ocrx_word' id='word_1_268' title='bbox 899 3575 1075 3647; x_wconf 73' lang='lat' dir='ltr'><em>exterarum</em></span> <span class='ocrx_word' id='word_1_269' title='bbox 1088 3568 1223 3642; x_wconf 85' lang='lat' dir='ltr'><em>qentium</em></span> <span class='ocrx_word' id='word_1_270' title='bbox 1232 3567 1366 3643; x_wconf 89' lang='lat' dir='ltr'><em>periisse</em></span> 
     </span>
     <span class='ocr_line' id='line_1_30' title="bbox 152 3670 1364 3749; baseline -0.008 -12"><span class='ocrx_word' id='word_1_271' title='bbox 152 3676 320 3749; x_wconf 89' lang='lat' dir='ltr'><em>credimus,</em></span> <span class='ocrx_word' id='word_1_272' title='bbox 346 3672 474 3746; x_wconf 91' lang='lat' dir='ltr'><em>alicubi,</em></span> <span class='ocrx_word' id='word_1_273' title='bbox 511 3681 659 3748; x_wconf 88' lang='lat' dir='ltr'><em>tauquam</em></span> <span class='ocrx_word' id='word_1_274' title='bbox 695 3673 726 3731; x_wconf 92' lang='lat' dir='ltr'><em>in</em></span> <span class='ocrx_word' id='word_1_275' title='bbox 755 3673 845 3747; x_wconf 89' lang='lat' dir='ltr'><em>impio</em></span> <span class='ocrx_word' id='word_1_276' title='bbox 879 3671 1036 3731; x_wconf 87' lang='lat' dir='ltr'><em>conclusos</em></span> <span class='ocrx_word' id='word_1_277' title='bbox 1068 3686 1208 3742; x_wconf 87' lang='lat' dir='ltr'><em>carcere,</em></span> <span class='ocrx_word' id='word_1_278' title='bbox 1237 3670 1364 3745; x_wconf 81' lang='lat' dir='ltr'><em>squalli-</em></span> 
     </span>
     <span class='ocr_line' id='line_1_31' title="bbox 81 3771 1364 3852; baseline -0.008 -12"><span class='ocrx_word' id='word_1_279' title='bbox 81 3834 84 3839; x_wconf 78' lang='grc'><strong><em>,</em></strong></span> <span class='ocrx_word' id='word_1_280' title='bbox 154 3780 209 3840; x_wconf 92' lang='lat' dir='ltr'><em>dos</em></span> <span class='ocrx_word' id='word_1_281' title='bbox 231 3779 373 3849; x_wconf 87' lang='lat' dir='ltr'><em>delitare,</em></span> <span class='ocrx_word' id='word_1_282' title='bbox 398 3791 575 3852; x_wconf 89' lang='lat' dir='ltr'><em>speremque</em></span> <span class='ocrx_word' id='word_1_283' title='bbox 590 3775 728 3834; x_wconf 81' lang='lat' dir='ltr'><em>exituros</em></span> <span class='ocrx_word' id='word_1_284' title='bbox 751 3776 780 3834; x_wconf 92' lang='lat' dir='ltr'><em>in</em></span> <span class='ocrx_word' id='word_1_285' title='bbox 803 3776 916 3848; x_wconf 88' lang='lat' dir='ltr'><em>lucem,</em></span> <span class='ocrx_word' id='word_1_286' title='bbox 941 3774 1032 3848; x_wconf 88' lang='lat' dir='ltr'><em>idque</em></span> <span class='ocrx_word' id='word_1_287' title='bbox 1047 3772 1229 3849; x_wconf 84' lang='lat' dir='ltr'><em>temporibus</em></span> <span class='ocrx_word' id='word_1_288' title='bbox 1243 3771 1364 3840; x_wconf 88' lang='lat' dir='ltr'><em>nostris,</em></span> 
     </span>
     <span class='ocr_line' id='line_1_32' title="bbox 131 3859 1364 3953; baseline -0.008 -9"><span class='ocrx_word' id='word_1_289' title='bbox 131 3859 192 3943; x_wconf 49' lang='lat' dir='ltr'><em>&#39;aa</em></span> <span class='ocrx_word' id='word_1_290' title='bbox 215 3897 282 3941; x_wconf 90' lang='lat' dir='ltr'><em>mea</em></span> <span class='ocrx_word' id='word_1_291' title='bbox 304 3881 332 3940; x_wconf 90' lang='lat' dir='ltr'><em>si</em></span> <span class='ocrx_word' id='word_1_292' title='bbox 353 3880 407 3940; x_wconf 88' lang='lat' dir='ltr'><em>diu</em></span> <span class='ocrx_word' id='word_1_293' title='bbox 434 3881 562 3951; x_wconf 81' lang='lat' dir='ltr'><em>ue&#39;uero,</em></span> <span class='ocrx_word' id='word_1_294' title='bbox 594 3879 763 3953; x_wconf 85' lang='lat' dir='ltr'><em>prteecipne</em></span> <span class='ocrx_word' id='word_1_295' title='bbox 791 3893 904 3953; x_wconf 86' lang='lat' dir='ltr'><em>opera,</em></span> <span class='ocrx_word' id='word_1_296' title='bbox 935 3877 1054 3936; x_wconf 81' lang='lat' dir='ltr'><em>Cbrisio</em></span> <span class='ocrx_word' id='word_1_297' title='bbox 1076 3874 1178 3936; x_wconf 87' lang='lat' dir='ltr'><em>IESU</em></span> <span class='ocrx_word' id='word_1_298' title='bbox 1201 3880 1364 3953; x_wconf 86' lang='lat' dir='ltr'><em>annuente,</em></span> 
     </span>
     <span class='ocr_line' id='line_1_33' title="bbox 155 3977 1367 4061; baseline -0.008 -14"><span class='ocrx_word' id='word_1_299' title='bbox 155 3984 295 4061; x_wconf 78' lang='grc' dir='ltr'>δοτῆροε</span> <span class='ocrx_word' id='word_1_300' title='bbox 317 3979 415 4044; x_wconf 86' lang='grc' dir='ltr'>ἐάων.</span> <span class='ocrx_word' id='word_1_301' title='bbox 456 3981 545 4041; x_wconf 85' lang='lat' dir='ltr'><em>Nunc</em></span> <span class='ocrx_word' id='word_1_302' title='bbox 568 3986 682 4054; x_wconf 89' lang='lat' dir='ltr'><em>autem,</em></span> <span class='ocrx_word' id='word_1_303' title='bbox 708 3981 791 4055; x_wconf 89' lang='lat' dir='ltr'><em>qaod</em></span> <span class='ocrx_word' id='word_1_304' title='bbox 806 3996 981 4056; x_wconf 89' lang='lat' dir='ltr'><em>possumus,</em></span> <span class='ocrx_word' id='word_1_305' title='bbox 1006 3978 1097 4038; x_wconf 84' lang='lat' dir='ltr'><em>besee</em></span> <span class='ocrx_word' id='word_1_306' title='bbox 1129 3977 1268 4038; x_wconf 86' lang='lat' dir='ltr'><em>Secundi</em></span> <span class='ocrx_word' id='word_1_307' title='bbox 1296 3979 1367 4053; x_wconf 85' lang='lat' dir='ltr'><em>cpi-</em></span> 
     </span>
     <span class='ocr_line' id='line_1_34' title="bbox 153 4081 1365 4160; baseline -0.008 -11"><span class='ocrx_word' id='word_1_308' title='bbox 153 4090 249 4149; x_wconf 89' lang='lat' dir='ltr'><em>stolas</em></span> <span class='ocrx_word' id='word_1_309' title='bbox 282 4087 390 4146; x_wconf 88' lang='lat' dir='ltr'><em>damus</em></span> <span class='ocrx_word' id='word_1_310' title='bbox 417 4100 508 4160; x_wconf 89' lang='lat' dir='ltr'><em>quam</em></span> <span class='ocrx_word' id='word_1_311' title='bbox 543 4084 797 4156; x_wconf 85' lang='lat' dir='ltr'><em>correctissirnas,</em></span> <span class='ocrx_word' id='word_1_312' title='bbox 833 4084 864 4142; x_wconf 91' lang='lat' dir='ltr'><em>in</em></span> <span class='ocrx_word' id='word_1_313' title='bbox 898 4082 1006 4156; x_wconf 89' lang='lat' dir='ltr'><em>quibus</em></span> <span class='ocrx_word' id='word_1_314' title='bbox 1038 4082 1130 4141; x_wconf 90' lang='lat' dir='ltr'><em>etiam</em></span> <span class='ocrx_word' id='word_1_315' title='bbox 1152 4081 1264 4141; x_wconf 86' lang='lat' dir='ltr'><em>multae</em></span> <span class='ocrx_word' id='word_1_316' title='bbox 1285 4087 1365 4148; x_wconf 90' lang='lat' dir='ltr'><em>sunt,</em></span> 
     </span>
     <span class='ocr_line' id='line_1_35' title="bbox 155 4183 1365 4267; baseline -0.008 -16"><span class='ocrx_word' id='word_1_317' title='bbox 155 4207 234 4267; x_wconf 90' lang='lat' dir='ltr'><em>quae</em></span> <span class='ocrx_word' id='word_1_318' title='bbox 255 4189 385 4250; x_wconf 83' lang='lat' dir='ltr'><em>antebac</em></span> <span class='ocrx_word' id='word_1_319' title='bbox 418 4203 478 4247; x_wconf 83' lang='lat' dir='ltr'><em>reon</em></span> <span class='ocrx_word' id='word_1_320' title='bbox 511 4186 713 4246; x_wconf 77' lang='lat' dir='ltr'><em>habebantur.</em></span> <span class='ocrx_word' id='word_1_321' title='bbox 750 4185 814 4245; x_wconf 86' lang='lat' dir='ltr'><em>Sed</em></span> <span class='ocrx_word' id='word_1_322' title='bbox 834 4184 888 4244; x_wconf 89' lang='lat' dir='ltr'><em>tibi</em></span> <span class='ocrx_word' id='word_1_323' title='bbox 908 4185 1064 4260; x_wconf 88' lang='lat' dir='ltr'><em>inprimis</em></span> <span class='ocrx_word' id='word_1_324' title='bbox 1078 4183 1219 4243; x_wconf 86' lang='lat' dir='ltr'><em>babendo</em></span> <span class='ocrx_word' id='word_1_325' title='bbox 1241 4185 1365 4258; x_wconf 88' lang='lat' dir='ltr'><em>estplu-</em></span> 
     </span>
     <span class='ocr_line' id='line_1_36' title="bbox 154 4288 1370 4368; baseline -0.007 -14"><span class='ocrx_word' id='word_1_326' title='bbox 154 4295 234 4354; x_wconf 89' lang='lat' dir='ltr'><em>rima</em></span> <span class='ocrx_word' id='word_1_327' title='bbox 248 4294 354 4368; x_wconf 87' lang='lat' dir='ltr'><em>qratia</em></span> <span class='ocrx_word' id='word_1_328' title='bbox 366 4292 483 4367; x_wconf 85' lang='lat' dir='ltr'><em>Inelqtc</em></span> <span class='ocrx_word' id='word_1_329' title='bbox 495 4291 603 4363; x_wconf 80' lang='lat' dir='ltr'><em>dioisi,</em></span> <span class='ocrx_word' id='word_1_330' title='bbox 617 4291 670 4363; x_wconf 90' lang='lat' dir='ltr'><em>qui</em></span> <span class='ocrx_word' id='word_1_331' title='bbox 689 4290 848 4365; x_wconf 81' lang='lat' dir='ltr'><em>eaentplar</em></span> <span class='ocrx_word' id='word_1_332' title='bbox 865 4289 962 4362; x_wconf 85' lang='lat' dir='ltr'><em>ipsura</em></span> <span class='ocrx_word' id='word_1_333' title='bbox 984 4288 1179 4362; x_wconf 90' lang='lat' dir='ltr'><em>epistolarum</em></span> <span class='ocrx_word' id='word_1_334' title='bbox 1201 4288 1370 4361; x_wconf 87' lang='lat' dir='ltr'><em>reportasti</em></span> 
     </span>
     <span class='ocr_line' id='line_1_37' title="bbox 156 4388 1368 4474; baseline -0.006 -18"><span class='ocrx_word' id='word_1_335' title='bbox 156 4398 187 4457; x_wconf 92' lang='lat' dir='ltr'><em>in</em></span> <span class='ocrx_word' id='word_1_336' title='bbox 208 4395 331 4456; x_wconf 90' lang='lat' dir='ltr'><em>Italiam</em></span> <span class='ocrx_word' id='word_1_337' title='bbox 337 4440 347 4474; x_wconf 87' lang='lat'><em>,</em></span> <span class='ocrx_word' id='word_1_338' title='bbox 363 4395 496 4469; x_wconf 79' lang='lat' dir='ltr'><em>miliique</em></span> <span class='ocrx_word' id='word_1_339' title='bbox 517 4394 638 4466; x_wconf 86' lang='lat' dir='ltr'><em>dedisti,</em></span> <span class='ocrx_word' id='word_1_340' title='bbox 664 4400 849 4453; x_wconf 79' lang='lat' dir='ltr'><em>nitescusurn</em></span> <span class='ocrx_word' id='word_1_341' title='bbox 867 4390 1071 4466; x_wconf 89' lang='lat' dir='ltr'><em>publicarem.</em></span> <span class='ocrx_word' id='word_1_342' title='bbox 1094 4388 1211 4448; x_wconf 81' lang='lat' dir='ltr'><em>Deinde</em></span> <span class='ocrx_word' id='word_1_343' title='bbox 1227 4388 1368 4449; x_wconf 87' lang='lat' dir='ltr'><em>Iucunda</em></span> 
     </span>
     <span class='ocr_line' id='line_1_38' title="bbox 162 4493 1366 4572; baseline -0.006 -12"><span class='ocrx_word' id='word_1_344' title='bbox 162 4500 332 4560; x_wconf 87' lang='lat' dir='ltr'><em>Veronensi</em></span> <span class='ocrx_word' id='word_1_345' title='bbox 354 4499 423 4558; x_wconf 83' lang='lat' dir='ltr'><em>l&#39;iro</em></span> <span class='ocrx_word' id='word_1_346' title='bbox 444 4497 598 4572; x_wconf 82' lang='lat' dir='ltr'><em>siuqaluri</em></span> <span class='ocrx_word' id='word_1_347' title='bbox 612 4498 733 4570; x_wconf 89' lang='lat' dir='ltr'><em>inqcuio</em></span> <span class='ocrx_word' id='word_1_348' title='bbox 748 4512 786 4555; x_wconf 91' lang='lat' dir='ltr'><em>ac</em></span> <span class='ocrx_word' id='word_1_349' title='bbox 801 4495 948 4555; x_wconf 80' lang='lat' dir='ltr'><em>botrorum</em></span> <span class='ocrx_word' id='word_1_350' title='bbox 963 4495 1123 4552; x_wconf 90' lang='lat' dir='ltr'><em>literarum</em></span> <span class='ocrx_word' id='word_1_351' title='bbox 1138 4493 1366 4570; x_wconf 89' lang='lat' dir='ltr'><em>studiosissimo,</em></span> 
     </span>
     <span class='ocr_line' id='line_1_39' title="bbox 157 4594 1398 4679; baseline -0.006 -17"><span class='ocrx_word' id='word_1_352' title='bbox 157 4603 239 4679; x_wconf 88' lang='lat' dir='ltr'><em>quod</em></span> <span class='ocrx_word' id='word_1_353' title='bbox 261 4607 290 4662; x_wconf 89' lang='lat' dir='ltr'><em>et</em></span> <span class='ocrx_word' id='word_1_354' title='bbox 317 4601 438 4662; x_wconf 90' lang='lat' dir='ltr'><em>easdem</em></span> <span class='ocrx_word' id='word_1_355' title='bbox 460 4600 597 4662; x_wconf 87' lang='lat' dir='ltr'><em>Secundi</em></span> <span class='ocrx_word' id='word_1_356' title='bbox 623 4601 767 4676; x_wconf 88' lang='lat' dir='ltr'><em>epistolas</em></span> <span class='ocrx_word' id='word_1_357' title='bbox 794 4600 832 4658; x_wconf 96' lang='lat' dir='ltr'><em>ab</em></span> <span class='ocrx_word' id='word_1_358' title='bbox 859 4614 893 4658; x_wconf 92' lang='lat' dir='ltr'><em>eo</em></span> <span class='ocrx_word' id='word_1_359' title='bbox 915 4599 982 4674; x_wconf 88' lang='lat' dir='ltr'><em>ipso</em></span> <span class='ocrx_word' id='word_1_360' title='bbox 1007 4596 1184 4672; x_wconf 81' lang='lat' dir='ltr'><em>exattplari</em></span> <span class='ocrx_word' id='word_1_361' title='bbox 1209 4611 1229 4653; x_wconf 93' lang='lat' dir='ltr'><em>a</em></span> <span class='ocrx_word' id='word_1_362' title='bbox 1256 4610 1288 4654; x_wconf 92' lang='lat' dir='ltr'><em>se</em></span> <span class='ocrx_word' id='word_1_363' title='bbox 1309 4594 1368 4655; x_wconf 84' lang='lat' dir='ltr'><em>dc·</em></span> <span class='ocrx_word' id='word_1_364' title='bbox 1395 4610 1398 4614; x_wconf 40' lang='lat'>⁸</span> 
     </span>
    </p>
   </div>
   <div class='ocr_carea' id='block_1_5' title="bbox 0 0 1482 4966">
    <p class='ocr_par' dir='ltr' id='par_1_6' title="bbox 0 0 1482 4966">
     <span class='ocr_line' id='line_1_40' title="bbox 0 0 1482 4966; baseline 0 0"><span class='ocrx_word' id='word_1_365' title='bbox 0 0 1482 4966; x_wconf 95' lang='lat' dir='ltr'><em> </em></span> 
     </span>
    </p>
   </div>
  </div>
 </body>
</html>
