2934 4966
96 291 220 357 -142
682 300 837 354 uranu

155 483 218 548 quo
245 458 456 525 festinantius
483 458 599 525 nuntio
625 458 688 525 tibi
715 457 817 525 fuisse
844 479 897 524 me
922 456 1020 525 hodie
1040 456 1077 525 in
1105 457 1269 526 auditorio
1290 456 1367 543 (lal-

125 561 252 649 ipnrni
280 559 419 626 Pisonis.
464 561 624 628 recitabat
651 567 904 644 κατασεριεμῶν
932 560 1093 628 eruditam
1113 581 1195 628 sane
1216 559 1367 628 luculen-
1404 570 1408 576 ’

155 669 287 749 tamque
314 662 510 729 materiam.'
540 664 665 749 scripta
689 664 791 751 elegis
819 668 891 729 erat
919 662 1095 730 fluentibus
1122 666 1158 730 et
1183 659 1309 730 teneris
1330 666 1368 730 et

156 764 328 849 enodibus,
357 764 547 831 sublimibus
575 766 689 851 etiarm
717 770 755 832 ut
785 765 933 853 poposcit
959 763 1059 833 locus.
1102 767 1180 851 apte
1211 766 1302 833 enirn
1328 769 1366 839 et

156 867 244 941 varie
265 889 353 947 nunc
366 860 586 953 ittollebatur,
608 868 895 955 nuncresidebat:
918 867 1046 935 excelsa
1064 866 1239 955 depressis,
1263 868 1391 934 exilias

124 971 269 1059 3plenis,
292 971 411 1037 sevena
432 970 574 1037 iucunda
594 971 760 1061 mutabat,
783 972 893 1037 omnia
914 970 1050 1058 ingenio
1077 970 1161 1057 pari.
1198 990 1364 1037 commen·

154 1073 255 1140 dabat
275 1072 357 1139 haec
378 1096 456 1140 voce
478 1072 679 1157 suavissima,
701 1086 814 1140 vocem
835 1072 1052 1142 verecundiae,
1066 1071 1205 1137 multum
1225 1072 1364 1159 sangui·
1402 1122 1405 1128 .

93 1224 94 1228 =
127 1254 130 1258 ¹
154 1176 218 1262 nis,
241 1177 379 1242 multum
401 1174 629 1241 sollicitudinis
650 1175 687 1240 in
708 1196 780 1266 ore,
808 1196 930 1262 magna
956 1176 1150 1241 ornamenta
1175 1175 1362 1241 recitantis.

154 1278 274 1344 etenim
295 1278 404 1344 nescio
432 1299 497 1366 quo
522 1280 620 1363 pacto
641 1277 746 1364 magis
767 1277 804 1346 in
825 1277 941 1360 studiis
968 1277 1116 1351 homiues
1141 1275 1241 1343 timor
1261 1298 1364 1365 quant

95 1398 102 1408 ’
124 1380 272 1450 4flducia
299 1380 402 1447 decet.
447 1402 489 1446 ne
516 1380 631 1468 plura,
653 1398 850 1466 quamquam
871 1378 953 1445 libet
973 1377 1083 1464 plura,
1104 1400 1169 1465 quo
1189 1382 1269 1444 sunt
1289 1378 1362 1465 pnl-
1374 1398 1400 1442 rs

156 1482 283 1549 ebriora
304 1482 344 1548 de
364 1482 490 1568 invene,
520 1481 645 1575 carlom
667 1481 707 1575 de
733 1480 852 1547 nobili:
880 1481 1072 1549 mutatione
1096 1480 1194 1561 linita
1218 1478 1363 1549 multum
1377 1514 1390 1571 j

145 1606 194 1652 aa
215 1584 270 1651 diu
291 1583 494 1650 exosculatus
508 1582 759 1669 adulescentem,
782 1573 839 1670 qui
860 1573 911 1651 est
923 1573 1106 1659 ‘acerrimus
1120 1575 1272 1665 stimulus
1284 1577 1374 1649 .nro·'

153 1687 263 1773 nendi,
284 1685 433 1752 laudibus
453 1687 599 1772 incitavi,
620 1688 772 1773 pergeret
792 1708 857 1773 qua
878 1683 1038 1772 coepisset
1058 1684 1249 1772 lumenque,
1270 1685 1361 1772 quod

77 1776 80 1780 ⁴
123 1789 216 1859 bsibi
237 1787 375 1855 maiores
397 1789 447 1855 sui
469 1781 723 1877 'praetulissent
751 1788 888 1874 posteris
914 1789 985 1874 ipae
1001 1788 1207 1874 praeferret
1246 1789 1360 1874 grasu-

155 1891 240 1957 latus
261 1884 333 1957 suin
354 1892 497 1976 optimae
518 1891 632 1976 matri,
655 1890 840 1978 gratulatus
862 1893 896 1957 at
914 1889 1028 1976 fratri,
1055 1889 1112 1978 qui
1128 1881 1182 1957 'ex'
1195 1883 1398 1971 auditoriore

153 1993 209 2058 iilo
227 1988 297 2059 'non
324 1994 482 2073 minorem
510 1992 643 2081 pietatis
665 1992 807 2080 gloriani
834 2014 931 2080 quam
956 1993 1013 2059 ille
1042 1992 1126 2059 alter
1152 1992 1360 2079 eloquentiae

98 2092 100 2094 ’
152 2094 243 2161 tulit:
270 2097 339 2160 tam
364 2094 555 2161 notabiliter
580 2115 640 2181 pro
660 2094 764 2162 fratre
789 2094 951 2161 recitante
978 2096 1119 2181 primum
1146 2094 1358 2179 unctuosius,

14 2260 17 2266 .
123 2201 227 2267 (imos
247 2197 402 2285 gaudium
423 2197 570 2265 eminuit.
600 2197 634 2263 di
654 2197 781 2265 facmnt
801 2201 840 2264 ut
860 2197 940 2263 talia
960 2196 1023 2263 tibi
1043 2197 1174 2283 saepius
1186 2196 1359 2288 nuntiem!

151 2300 245 2367 fureo
267 2298 355 2367 enim
377 2299 515 2384 saeculo,
538 2321 582 2367 ne
603 2299 647 2365 sit
667 2300 833 2387 sterileet
854 2300 1001 2383 effetum,
1030 2300 1175 2386 mireque
1197 2299 1293 2385 cupio
1313 2319 1359 2367 ne

151 2401 276 2469 nobiles
304 2403 409 2469 nostri
436 2402 520 2468 nihil
551 2402 587 2468 in
621 2401 768 2469 domibus
795 2402 861 2469 auis
893 2400 1066 2489 pulchrum
1096 2400 1177 2472 nisi
1194 2401 1399 2489 imaginaret

141 2503 310 2590 habeant,
339 2526 422 2591 quae
450 2526 540 2572 nunc
566 2503 648 2571 mibi
674 2504 734 2572 bos
762 2505 985 2571 adulescentes
1013 2503 1115 2571 tacite
1141 2495 1275 2571 laudm
1301 2503 1377 2590 aci-¹

150 2604 285 2692 hortari,
309 2610 343 2673 et
364 2606 450 2693 qnod
471 2607 640 2673 amborum
661 2607 783 2694 gloriae
805 2607 884 2672 saba
906 2628 1064 2694 magnum
1086 2608 1152 2692 est,
1176 2628 1359 2694 agnoscere

148 2708 311 2776 videntur.
354 2709 436 2774 vale.
806 2775 808 2779 ,
1039 2741 1042 2745 ’

149 2901 352 2912 m.—

217 3039 366 3090 lnuntios
382 3039 410 3087 H
508 3036 626 3089 aditorio
642 3053 658 3089 r
675 3038 853 3090 adiutorioli
892 3082 894 3085 .
950 3033 1285 3090 extimescimus
1304 3038 1402 3092 1ss

150 3110 245 3159 metae
267 3108 422 3174 pigmenii
446 3111 521 3157 tacte
540 3107 703 3173 pingmonp
726 3113 793 3176 apte
817 3103 927 3159 πεινίον
944 3105 1102 3173 Pomponius
1122 3106 1222 3158 Laetus
1244 3120 1355 3172 sparso·

149 3187 279 3238 παιγνιον
297 3175 455 3237 Ostendens,
473 3191 520 3228 om.
539 3190 554 3225 r
655 3178 671 3227 3
693 3179 801 3244 scripta
825 3176 914 3242 elegis
936 3180 999 3226 erat
1019 3176 1042 3224 Β
1066 3174 1212 3227 Gamerae
1228 3174 1354 3242 scriptae

150 3239 307 3308 (scriptor)
326 3243 398 3311 legis
416 3246 478 3294 erat
494 3257 553 3306 pre
575 3244 681 3309 scripta
702 3243 781 3312 leges
805 3249 885 3296 erant
901 3245 929 3293 Η
1031 3242 1183 3295 liuentibus
1201 3247 1231 3294 et
1247 3243 1354 3296 teneris

148 3310 364 3363 latuentibus
382 3312 407 3362 it
423 3312 556 3363 tinerisit
575 3313 726 3364 fluentibus
743 3313 849 3365 teneris
865 3325 903 3376 pr
970 3313 988 3362 t
1005 3311 1171 3364 sublimibus
1188 3311 1273 3363 etiem
1291 3327 1355 3363 uer·
1370 3316 1374 3323 '

149 3375 192 3428 bis
209 3385 276 3436 ute
344 3380 471 3448 poposcit
487 3379 567 3432 locus
584 3382 634 3430 iia
650 3383 744 3446 poscit
760 3380 838 3433 locus
855 3392 892 3438 rs
909 3380 1002 3446 poscit
1017 3378 1079 3431 loco
1096 3380 1140 3444 Dp
1218 3384 1285 3446 apte
1303 3382 1355 3431 Is

150 3444 208 3498 alte
225 3448 268 3512 Dp
287 3447 344 3499 alto
362 3462 377 3497 r
399 3446 475 3500 altae
494 3460 511 3503 ς
613 3450 629 3500 ὅ
651 3451 730 3502 uarie
753 3450 893 3501 sententie
917 3446 1029 3513 (uariae
1051 3446 1259 3515 sententiose)
1277 3464 1353 3501 nuuc

150 3513 353 3568 attollebantur
369 3531 442 3568 nuuc
460 3516 623 3569 residebant
639 3529 675 3575 ις
779 3521 910 3570 tuorem
930 3515 1100 3568 uerecundia
1116 3517 1167 3566 He
1184 3531 1254 3570 uoce
1272 3530 1354 3571 nere·

148 3581 249 3634 cundia
266 3585 287 3634 Β
306 3600 375 3637 noce
392 3586 552 3636 uerecunda
570 3600 605 3650 pr
673 3589 689 3639 8
706 3602 809 3653 magna
827 3591 915 3638 ortam
934 3593 1098 3637 ornamenta
1115 3587 1201 3637 deleto
1217 3602 1242 3637 e.
1261 3591 1353 3637 ortatu

147 3650 175 3698 Ι
243 3653 405 3705 recitatisii
422 3655 626 3719 recitantitisp
713 3656 881 3709 stimoreli
951 3657 985 3706 10
1002 3653 1123 3705 doceto
1191 3648 1271 3722 sunt]
1291 3666 1352 3705 sum

147 3718 170 3767 Β
269 3720 409 3772 ulchriora
425 3721 459 3772 de
478 3723 579 3774 iuuene
597 3725 705 3776 rariora
723 3724 757 3775 de
775 3723 862 3775 nobili
880 3722 927 3785 (de
944 3719 1009 3772 nob‘
1027 3723 1066 3787 11)
1085 3722 1252 3775 recitatione
1269 3721 1353 3775 fluite

147 3789 198 3838 iis
214 3737 375 3855 puiahriora
393 3791 427 3841 de
446 3792 657 3842 inueneratione
684 3792 718 3844 de
744 3793 834 3844 nobili
859 3790 1026 3843 recitatione
1053 3789 1107 3841 linc
1128 3791 1177 3843 lini
1194 3791 1230 3842 de
1248 3792 1352 3843 iuuene

147 3858 254 3909 ratiora
272 3859 306 3910 de
325 3857 417 3910 nobile
435 3859 601 3910 recitatione
620 3860 701 3911 finita
717 3862 740 3910 Β
762 3861 924 3926 pulchriora
946 3859 980 3910 de
1002 3860 1031 3908 ui
1048 3861 1236 3911 *ueneratiore'
1248 3858 1283 3910 cie
1302 3874 1351 3911 no·

147 3923 198 3976 bili
216 3927 381 3978 recitatione
398 3927 452 3978 fine
471 3927 520 3978 fini
538 3927 616 3978 finita
627 3942 644 3992 p
656 3928 815 3994 pulchriora
833 3929 866 3978 de
885 3929 1069 3978 ueneratione
1079 3928 1189 3981 rariore
1199 3927 1234 3979 de
1246 3929 1351 3979 iuuene

148 3993 242 4046 nobile
261 3997 427 4047 recitatione
445 3995 526 4047 finita
543 4009 557 4044 r
574 3997 733 4062 pulchriora
752 3997 785 4047 de
805 3999 905 4047 iuuene
928 3997 1016 4047 nobili
1033 3997 1141 4048 rariora
1157 3996 1191 4047 de
1209 3996 1289 4047 nobis
1308 4011 1350 4047 re·

148 4061 381 4116 citatione'flnita
397 4077 415 4120 ς
503 4067 534 4114 12
553 4065 694 4117 monendis
711 4068 738 4114 11
808 4068 839 4116 13
858 4064 930 4128 quod
947 4065 992 4116 sui
1009 4066 1129 4117 maiores
1146 4064 1349 4131 praetulissent

148 4141 184 4185 rs
254 4135 287 4184 14
304 4134 364 4200 ipse
382 4133 411 4184 M
429 4133 499 4198 ipsis
517 4135 600 4199 culpo,
617 4152 664 4188 om.
683 4137 768 4197 upra
837 4135 869 4185 15
887 4134 1023 4184 iratrisii
1077 4149 1112 4185 ex
1129 4133 1348 4185 auditoriolre

148 4195 176 4248 in
195 4200 332 4254 auditorio
349 4215 389 4266 ps
405 4202 543 4252 auditorio
560 4203 582 4251 Β
687 4205 718 4254 17
737 4201 803 4252 tulit
819 4204 869 4253 lis
891 4203 1001 4254 rettulit
1017 4204 1040 4252 Β
1057 4201 1154 4254 retulit
1170 4213 1205 4264 pr
1291 4203 1347 4253 iaro

149 4318 313 4373 nobilitare
382 4324 415 4375 ts
432 4321 461 4372 di
478 4324 500 4371 Β
517 4321 556 4372 dii
574 4324 664 4385 lipsa
749 4327 781 4372 ut
798 4321 855 4372 alia
873 4325 901 4371 it
979 4326 1011 4375 ts
1028 4322 1124 4374 sterile
1143 4326 1172 4372 et
1190 4320 1303 4373 effetum
1320 4323 1348 4371 it

146 4387 240 4439 sterile
259 4396 288 4442 et
307 4390 437 4443 effoetum
455 4406 472 4439 a
490 4392 586 4443 sterile
604 4398 632 4443 et
649 4392 779 4444 effectum
795 4393 819 4440 Β
841 4391 938 4442 sterile
957 4391 1069 4443 effetam
1087 4404 1104 4447 ς
1206 4392 1239 4440 21
1259 4391 1349 4440 tacite

145 4466 201 4517 pra
218 4460 324 4510 unitae
340 4462 363 4510 Β
382 4461 484 4511 tacitos
500 4458 527 4507 it
625 4463 658 4512 ii
676 4476 828 4528 agnoscere
845 4463 912 4510 lira
928 4460 1139 4528 adcognoscere
1156 4460 1179 4508 Β
1196 4456 1226 4509 id
1243 4473 1347 4526 cogno·

145 4538 224 4578 scere
241 4539 258 4589 p
276 4543 445 4596 cognoscere
461 4541 479 4584 ς
