2934 4966
177 273 241 338 322
704 286 735 336 c.
758 286 857 337 narni
939 274 940 278 ’

177 443 256 527 iste,
279 443 334 509 sed
358 441 530 528 agentibus
550 440 700 508 habetur.
734 441 821 508 cedis
843 441 1026 508 adfectibus
1040 441 1180 527 nostris,
1203 463 1268 509 nec
1288 441 1379 507 nobis

177 566 310 610 manera
331 547 389 609 tua
409 544 611 631 praedicare,
633 545 690 611 sed
711 545 821 611 audire
842 546 904 611 tabi
926 566 1057 611 necesse
1079 548 1139 610 est.

261 647 364 733 Saepe
380 668 592 734 egomenum,
614 652 725 734 putres
747 649 933 735 conscripti,
956 648 1077 714 tacitus
1094 647 1231 734 agitari,
1253 647 1379 734 qualem
1449 643 1467 734 1

176 755 396 837 quantumque
424 771 493 815 esse
520 754 684 837 oporteret
712 753 802 818 cuius
829 751 956 818 dicione
981 754 1128 836 nutuque
1148 751 1253 816 maris
1274 755 1379 817 terrae

174 877 240 940 pax
253 853 340 920 bella
354 857 560 940 regerentur,
580 876 653 920 cum
667 855 793 921 interea
807 855 948 941 fingenti
962 853 1182 939 sarmentique
1195 851 1280 918 mihi
1293 853 1399 939 prin-s

178 957 292 1044 dipem,
304 978 400 1044 quern
416 959 554 1041 aequata
565 957 615 1022 dis
636 956 873 1023 immortalibus
887 960 1032 1043 potestas
1047 957 1186 1040 deceret,
1202 976 1378 1041 numquam

175 1063 251 1125 roto
282 1061 398 1125 saltem
427 1059 596 1144 concipere
629 1059 788 1126 succurrit
814 1059 952 1125 similem
984 1058 1061 1124 huic
1093 1079 1191 1144 quem
1221 1056 1377 1123 ridemus.
1428 1127 1431 1132 ,

175 1163 294 1229 enituit
314 1160 431 1248 aliquis
453 1150 488 1227 in
510 1160 614 1246 bello,
639 1162 695 1227 sed
723 1160 937 1228 obsolentia
958 1182 1055 1246 pace:
1082 1161 1184 1227 alium
1203 1163 1302 1248 toga,
1324 1162 1378 1226 sed

173 1287 242 1331 non
256 1268 290 1330 et
311 1285 402 1329 arma
416 1263 645 1329 honestarunt:
667 1265 884 1330 reverentiam
897 1262 953 1329 ille
973 1266 1114 1348 terrore,
1137 1262 1221 1329 alius
1235 1283 1378 1329 amomm

173 1365 358 1433 hnmilitate
381 1365 540 1452 captarit:
562 1365 618 1431 ille
640 1365 817 1452 quaesitam
832 1364 918 1432 domi
939 1364 1079 1452 gloriam
1098 1365 1136 1431 in
1156 1365 1304 1451 publico,
1325 1365 1409 1432 lricu
1437 1412 1440 1441 ;

173 1469 209 1535 in
236 1469 367 1556 publico
394 1472 523 1555 partam
544 1468 630 1535 domi
652 1468 807 1554 perdidit:
835 1471 998 1554 postremo
1020 1467 1124 1535 adhuc
1144 1488 1243 1533 nemo
1269 1467 1380 1533 extitit
1437 1468 1440 1479 '

174 1572 264 1639 cuius
290 1573 427 1638 virtutes
454 1570 544 1637 nullo
570 1571 721 1640 sidorum
750 1571 891 1638 confinio
903 1561 905 1565 ’
917 1564 1133 1637 laederentur.
1175 1573 1210 1636 at
1236 1569 1379 1657 principi
1438 1598 1444 1615 ·

173 1678 285 1741 nostro
306 1677 430 1761 quanta
458 1673 629 1739 concordia
649 1677 852 1760 quantusque
879 1677 1057 1740 concentus
1079 1673 1225 1740 omnium
1245 1671 1379 1739 laudum
1437 1706 1442 1719 ·

173 1777 340 1864 omnisque
355 1776 478 1863 gloriae
494 1776 649 1862 contigit!
673 1779 710 1841 ut
724 1774 808 1841 nihil
830 1776 996 1842 severitati
1018 1775 1086 1842 eius
1100 1775 1279 1860 hilaritate,
1295 1773 1378 1841 nihil
1436 1800 1442 1841 τ

172 1881 328 1967 gravinti
342 1878 565 1976 simplicitate,
588 1876 672 1944 nihil
686 1879 848 1944 maiestati
869 1877 1075 1944 humanitate
1089 1876 1291 1945 detrahitur!
1314 1878 1408 1945 isara

172 1982 325 2066 firmitas,
346 1982 412 2048 iam
434 1981 612 2067 proceritas
635 1981 794 2066 corporis,
823 1980 889 2047 iam
910 1980 1015 2048 honor
1037 1981 1155 2068 capitis
1175 1981 1377 2070 ea'dignins
1435 1996 1438 2005 ·
1466 2064 1467 2076 1

173 2085 254 2170 oris,
278 2085 318 2150 ad
340 2083 402 2151 hoc
416 2083 533 2150 aetatis
555 2082 716 2149 indeflexa
730 2082 901 2149 maturitas
923 2105 985 2150 nec
999 2084 1071 2149 sine
1092 2084 1236 2171 quodam
1243 2106 1376 2151 munere

133 2213 144 2241 ι
173 2186 275 2270 (Ιεὲιιιιι7
295 2187 461 2253 festinatis
488 2187 664 2253 senectutis
692 2185 876 2274 insignibus
904 2180 1153 2274 adaugendam
1173 2188 1375 2255 maiestatem

141 2289 288 2357 bornato
304 2289 475 2375 caesaries,
490 2311 599 2355 nonne
614 2290 712 2377 longe
726 2289 854 2376 lateque
868 2289 1050 2377 principem
1063 2290 1258 2357 ostentant?
1277 2290 1375 2357 talem

45 2431 49 2440 ·
85 2441 87 2447 ,
172 2413 242 2459 esse
263 2392 407 2478 oportuit
428 2414 523 2479 quem
544 2414 611 2458 non
632 2392 719 2458 bella
741 2391 849 2458 civilia
864 2413 926 2459 nec
947 2393 1047 2460 armis
1069 2415 1225 2480 oppresse
1245 2415 1300 2460 res
1320 2415 1402 2479 pus
1429 2388 1433 2399 ’

172 2495 273 2582 blica,
301 2496 357 2562 sed
378 2516 443 2583 pax
465 2500 499 2561 et
519 2494 650 2581 adoptio
679 2499 713 2562 et
734 2494 866 2561 tandem
889 2499 1021 2562 exorata
1041 2495 1137 2562 terris
1157 2497 1298 2564 numina
1325 2495 1373 2561 de

172 2598 306 2666 dissent.
348 2621 390 2664 an
418 2599 468 2663 fas
491 2601 562 2682 erat
588 2597 672 2664 nihil
694 2597 823 2664 differre
843 2598 930 2664 inter
949 2599 1179 2684 imperatorem
1201 2621 1300 2687 quem
1321 2599 1372 2664 ho

78 2723 82 2783 ζ
170 2702 275 2769 mines
298 2704 331 2768 et
351 2723 446 2785 quem
469 2700 502 2765 di
522 2699 703 2767 fecissent?
728 2722 864 2786 quorum
885 2699 1015 2786 quidem
1037 2701 1073 2766 in
1094 2704 1144 2787 te,
1168 2700 1290 2768 Caesar
1311 2701 1371 2766 Aa·

170 2808 282 2892 gnste,
310 2803 464 2869 iudicium
492 2805 525 2868 et
547 2802 640 2869 favor
661 2807 740 2868 tunc
762 2803 890 2888 statim,
921 2825 995 2869 cnm
1016 2802 1058 2868 ad
1081 2804 1259 2871 exercitum
1280 2802 1371 2889 proii-

172 2906 352 2992 ducereris,
382 2909 415 2971 et
443 2905 572 2991 quidem
598 2905 755 2971 inusitato
777 2905 913 2971 enotuit.
952 2927 1029 2972 nam
1057 2909 1181 2973 ceteros
1209 2907 1430 2993 principcss²

170 3014 228 3077 aut
248 3009 359 3096 largus
382 3030 476 3074 eruor
496 3008 675 3075 hostiarum
697 3011 755 3074 aut
776 3008 908 3074 sinister
929 3009 1055 3076 volatus
1075 3011 1184 3076 arima
1207 3010 1370 3076 consulen-

104 3165 106 3168 Α
171 3112 258 3179 tibus
279 3111 459 3179 nuntiarit:
487 3111 549 3177 tibi
571 3112 760 3177 ascendenti
785 3110 825 3176 de
846 3133 936 3177 more
958 3110 1157 3198 Capitolium
1178 3134 1371 3200 quamquam

169 3237 237 3282 non
252 3214 286 3280 id
300 3215 469 3300 agentium
484 3213 602 3280 civium
618 3214 739 3279 clamor
753 3214 869 3279 utiam
883 3214 1025 3300 principi
1039 3216 1195 3300 occurrit,
1217 3214 1371 3302 siquidem

170 3318 275 3385 omnis
302 3316 399 3382 turba
424 3337 507 3403 quae
533 3315 634 3382 limen
660 3316 825 3383 insederat
851 3317 893 3383 ad
920 3318 1105 3405 ingressum
1130 3321 1225 3384 tuum
1250 3318 1371 3385 fonbus

238 3632 255 3682 3
272 3631 396 3696 cogitaui
412 3647 482 3685 corr.
501 3632 536 3681 al.
553 3645 621 3682 man.
643 3627 787 3695 agitauit>
856 3627 967 3695 qualem
991 3632 1179 3696 quantamque
1198 3630 1266 3687 3ος
1281 3624 1371 3696 {quale

171 3699 496 3764 quantumquedqnalem
510 3715 544 3749 ac
554 3696 720 3763 quantumA
755 3696 925 3753 Bemicuits
959 3696 1144 3754 obsoleuitds
1156 3698 1372 3751 absoleuitABa

223 3770 255 3818 10
272 3765 444 3833 humilitate]
463 3768 638 3818 humanitate
656 3768 730 3831 culpo
781 3764 827 3814 hic
845 3766 875 3814 in
894 3764 1006 3832 publico
1024 3782 1071 3817 orn.
1088 3766 1112 3816 A
1158 3770 1191 3818 11
1209 3767 1372 3834 paratamd

240 3837 271 3885 12
291 3840 374 3901 atque
394 3837 514 3902 principi
531 3837 555 3884 A
625 3837 656 3885 13
675 3837 849 3898 contemptus
866 3835 889 3882 A
959 3836 991 3884 14
1009 3836 1148 3902 contingit
1159 3837 1200 3892 ἃς
1270 3835 1370 3887 seueri·

171 3902 224 3952 tati
251 3903 311 3954 eius
340 3904 482 3956 hilaritate
510 3903 648 3966 (ilaritate
666 3902 698 3966 B)
726 3901 797 3952 nihil
824 3902 957 3968 grauitati
983 3902 1165 3970 simplicitate
1192 3903 1247 3968 (ita
1265 3906 1327 3956 add.
1345 3902 1370 3964 ι)

170 3970 240 4022 nihil
258 3972 402 4023 maiestati
418 3973 501 4022 Bacd
518 3973 668 4023 seueritate
687 3968 767 4038 (corr.
786 3972 845 4022 -ti
862 3968 907 4037 A²)
926 3971 987 4022 eius
1004 3972 1045 4022 ita
1066 3972 1138 4024 nihil
1155 3973 1301 4025 maiestati
1318 3969 1342 4019 A

171 4041 203 4091 lt
220 4039 385 4092 detrahatur
402 4054 438 4096 ος
520 4043 550 4091 17
570 4041 605 4091 ad
623 4040 676 4091 hec
694 4055 709 4090 a
789 4040 892 4091 inflexa
909 4041 1054 4092 Beroaldus
1070 4041 1217 4093 indefessa
1234 4041 1371 4093 Fatua-olus

170 4107 309 4160 indevexa
328 4111 499 4161 illommsenus
517 4112 574 4161 coil.
593 4110 645 4161 Cic.
663 4110 699 4159 ad
716 4110 772 4162 Aet.
790 4108 835 4158 IX
853 4110 893 4167 10,
913 4111 931 4160 3
954 4109 1045 4163 Senec.
1066 4112 1244 4175 epbt.12‚5
1342 4106 1370 4155 18

170 4175 313 4229 festinatis
332 4178 477 4230 Coronaeus
496 4185 522 4229 et
539 4180 625 4229 codex
644 4179 779 4229 Parisinus
797 4176 940 4228 Schwurzii
956 4179 1118 4230 festinantis
1135 4178 1226 4228 Asea
1340 4175 1370 4225 20
1421 4198 1425 4235 t

171 4243 235 4311 nec]
255 4249 345 4299 nond
413 4250 445 4298 21
465 4251 580 4298 exorata
599 4247 642 4297 Ad
661 4251 757 4298 exorta
774 4246 794 4295 B
814 4251 926 4296 oratac
982 4249 1014 4298 22
1035 4253 1065 4298 at
1082 4245 1168 4299 fasA
1236 4247 1272 4295 23
1289 4244 1320 4294 in
1337 4247 1368 4306 ta,
1419 4278 1425 4299 .-

171 4312 278 4367 Gaesar
295 4317 435 4382 Auguste,
462 4315 564 4366 iudicio
582 4315 662 4366 favor
680 4321 745 4365 tunc
763 4315 969 4378 -etquidem
987 4317 1125 4368 inusitato
1142 4315 1251 4366 enotuit
1269 4313 1370 4365 illm·
1418 4346 1423 4393 1

169 4397 246 4434 senus
331 4388 364 4436 25
382 4386 517 4436 inusitato
536 4385 684 4447 (inusitata
702 4382 728 4449 c)
746 4383 853 4434 enotuit
869 4383 953 4433 Bacd
975 4385 1111 4436 inusitato
1134 4384 1258 4434 innotuit
1274 4384 1298 4432 A
1315 4383 1369 4433 inu·
1398 4400 1421 4450 ,g

171 4451 255 4504 sitato
274 4455 408 4510 enituits
434 4455 569 4504 inusitato
597 4453 701 4503 iudicio
729 4453 829 4503 enituit
851 4451 1041 4517 cuspinianus,
1069 4455 1114 4520 qui
1139 4450 1248 4503 iudicio
1264 4453 1368 4504 uolutat
1415 4452 1420 4511 Ξ

168 4520 282 4587 uidetur,
307 4524 443 4573 inusitato
462 4522 565 4573 iudicio
585 4523 688 4573 enituit
707 4522 844 4572 Liuineius.
866 4522 984 4584 fortasse
1002 4522 1138 4573 inusitato
1155 4521 1248 4572 omine
1266 4519 1368 4573 enotuit
1414 4516 1419 4577 Ι

231 4592 267 4644 27
286 4591 321 4646 de
339 4609 417 4646 more
436 4610 484 4646 on.
503 4593 527 4644 A
594 4592 629 4644 28
647 4591 834 4642 oceaneritB
