<?xml version="1.0" encoding="UTF-8"?>
<!DOCTYPE html PUBLIC "-//W3C//DTD XHTML 1.0 Transitional//EN"
    "http://www.w3.org/TR/xhtml1/DTD/xhtml1-transitional.dtd">
<html xmlns="http://www.w3.org/1999/xhtml" xml:lang="en" lang="en">
 <head>
  <title>
</title>
<meta http-equiv="Content-Type" content="text/html;charset=utf-8" />
  <meta name='ocr-system' content='tesseract 3.04.00' />
  <meta name='ocr-capabilities' content='ocr_page ocr_carea ocr_par ocr_line ocrx_word'/>
</head>
<body>
  <div class='ocr_page' id='page_1' title='image "./cplinicaecilise00plingoog_0092.png"; bbox 0 0 2934 4966; ppageno 0'>
   <div class='ocr_carea' id='block_1_1' title="bbox 303 287 1415 381">
    <p class='ocr_par' dir='ltr' id='par_1_1' title="bbox 303 287 1415 381">
     <span class='ocr_line' id='line_1_1' title="bbox 303 287 1415 381; baseline -0.002 -26"><span class='ocrx_word' id='word_1_1' title='bbox 303 368 311 381; x_wconf 36' lang='grc' dir='ltr'><em>Ι</em></span> <span class='ocrx_word' id='word_1_2' title='bbox 400 304 649 357; x_wconf 79' lang='lat' dir='ltr'>aruerunmuu</span> <span class='ocrx_word' id='word_1_3' title='bbox 670 304 709 353; x_wconf 92' lang='lat'>11.</span> <span class='ocrx_word' id='word_1_4' title='bbox 732 298 758 350; x_wconf 78' lang='lat' dir='ltr'>t.</span> <span class='ocrx_word' id='word_1_5' title='bbox 779 299 805 351; x_wconf 81' lang='lat' dir='ltr'>u.</span> <span class='ocrx_word' id='word_1_6' title='bbox 827 296 864 364; x_wconf 78' lang='lat' dir='ltr'>(a</span> <span class='ocrx_word' id='word_1_7' title='bbox 877 296 1009 365; x_wconf 81' lang='lat' dir='ltr'>ar-roc)</span> <span class='ocrx_word' id='word_1_8' title='bbox 1256 287 1298 353; x_wconf 78' lang='lat'>37</span> <span class='ocrx_word' id='word_1_9' title='bbox 1410 304 1415 313; x_wconf 84' lang='grc'><em>’</em></span> 
     </span>
    </p>
   </div>
   <div class='ocr_carea' id='block_1_2' title="bbox 40 456 1395 1069">
    <p class='ocr_par' dir='ltr' id='par_1_2' title="bbox 40 456 1395 1069">
     <span class='ocr_line' id='line_1_2' title="bbox 88 456 1395 552; baseline -0.007 -19"><span class='ocrx_word' id='word_1_10' title='bbox 88 471 171 533; x_wconf 88' lang='lat' dir='ltr'>sunt</span> <span class='ocrx_word' id='word_1_11' title='bbox 183 464 312 552; x_wconf 90' lang='lat' dir='ltr'>quidem</span> <span class='ocrx_word' id='word_1_12' title='bbox 326 462 461 528; x_wconf 85' lang='lat' dir='ltr'>omnino</span> <span class='ocrx_word' id='word_1_13' title='bbox 475 461 570 527; x_wconf 90' lang='lat' dir='ltr'>nobis</span> <span class='ocrx_word' id='word_1_14' title='bbox 584 459 730 527; x_wconf 84' lang='lat' dir='ltr'>modicae</span> <span class='ocrx_word' id='word_1_15' title='bbox 743 456 930 543; x_wconf 75' lang='lat' dir='ltr'><strong>facultates,</strong></span> <span class='ocrx_word' id='word_1_16' title='bbox 947 458 1092 545; x_wconf 87' lang='lat' dir='ltr'>dignitas</span> <span class='ocrx_word' id='word_1_17' title='bbox 1100 461 1298 544; x_wconf 84' lang='lat' dir='ltr'>sumptuosa,</span> <span class='ocrx_word' id='word_1_18' title='bbox 1391 535 1395 543; x_wconf 41' lang='grc'>,</span> 
     </span>
     <span class='ocr_line' id='line_1_3' title="bbox 40 561 1356 653; baseline -0.006 -17"><span class='ocrx_word' id='word_1_19' title='bbox 40 635 45 642; x_wconf 79' lang='grc'><em>,</em></span> <span class='ocrx_word' id='word_1_20' title='bbox 89 570 215 636; x_wconf 88' lang='lat' dir='ltr'>reditus</span> <span class='ocrx_word' id='word_1_21' title='bbox 236 568 370 653; x_wconf 89' lang='lat' dir='ltr'>propter</span> <span class='ocrx_word' id='word_1_22' title='bbox 385 564 607 631; x_wconf 75' lang='lat' dir='ltr'>condidonem</span> <span class='ocrx_word' id='word_1_23' title='bbox 623 562 804 650; x_wconf 83' lang='lat' dir='ltr'>agellorum</span> <span class='ocrx_word' id='word_1_24' title='bbox 817 561 927 628; x_wconf 87' lang='lat' dir='ltr'>nescio</span> <span class='ocrx_word' id='word_1_25' title='bbox 940 562 1048 628; x_wconf 90' lang='lat' dir='ltr'>minor</span> <span class='ocrx_word' id='word_1_26' title='bbox 1069 584 1111 628; x_wconf 89' lang='lat' dir='ltr'>an</span> <span class='ocrx_word' id='word_1_27' title='bbox 1133 562 1299 629; x_wconf 73' lang='lat' dir='ltr'>incertior.</span> <span class='ocrx_word' id='word_1_28' title='bbox 1344 594 1356 615; x_wconf 92' lang='lat'><strong>·</strong></span> 
     </span>
     <span class='ocr_line' id='line_1_4' title="bbox 90 664 1301 758; baseline -0.007 -20"><span class='ocrx_word' id='word_1_29' title='bbox 90 674 149 739; x_wconf 88' lang='lat' dir='ltr'>sed</span> <span class='ocrx_word' id='word_1_30' title='bbox 179 671 263 758; x_wconf 89' lang='lat' dir='ltr'>quod</span> <span class='ocrx_word' id='word_1_31' title='bbox 291 671 398 735; x_wconf 88' lang='lat' dir='ltr'>cessat</span> <span class='ocrx_word' id='word_1_32' title='bbox 425 690 464 734; x_wconf 87' lang='lat' dir='ltr'>ex</span> <span class='ocrx_word' id='word_1_33' title='bbox 493 667 601 734; x_wconf 89' lang='lat' dir='ltr'>reditu</span> <span class='ocrx_word' id='word_1_34' title='bbox 622 665 815 754; x_wconf 77' lang='lat' dir='ltr'>furgalitate</span> <span class='ocrx_word' id='word_1_35' title='bbox 841 664 1025 753; x_wconf 75' lang='lat' dir='ltr'>suppletur,</span> <span class='ocrx_word' id='word_1_36' title='bbox 1054 687 1094 732; x_wconf 85' lang='lat' dir='ltr'>ex</span> <span class='ocrx_word' id='word_1_37' title='bbox 1121 688 1186 753; x_wconf 89' lang='lat' dir='ltr'>qua</span> <span class='ocrx_word' id='word_1_38' title='bbox 1212 664 1301 731; x_wconf 82' lang='lat' dir='ltr'>uelut</span> 
     </span>
     <span class='ocr_line' id='line_1_5' title="bbox 89 767 1330 856; baseline -0.005 -16"><span class='ocrx_word' id='word_1_39' title='bbox 89 775 184 841; x_wconf 90' lang='lat' dir='ltr'>fonte</span> <span class='ocrx_word' id='word_1_40' title='bbox 198 772 378 839; x_wconf 74' lang='lat' dir='ltr'>liberalitas</span> <span class='ocrx_word' id='word_1_41' title='bbox 392 776 506 837; x_wconf 89' lang='lat' dir='ltr'>nostra</span> <span class='ocrx_word' id='word_1_42' title='bbox 523 770 680 837; x_wconf 80' lang='lat' dir='ltr'>decurrit:</span> <span class='ocrx_word' id='word_1_43' title='bbox 702 791 785 856; x_wconf 84' lang='lat' dir='ltr'>quae</span> <span class='ocrx_word' id='word_1_44' title='bbox 807 772 919 835; x_wconf 89' lang='lat' dir='ltr'>tamen</span> <span class='ocrx_word' id='word_1_45' title='bbox 941 768 989 833; x_wconf 90' lang='lat' dir='ltr'>ita</span> <span class='ocrx_word' id='word_1_46' title='bbox 1002 767 1216 854; x_wconf 85' lang='lat' dir='ltr'>temperanda</span> <span class='ocrx_word' id='word_1_47' title='bbox 1237 770 1330 854; x_wconf 85' lang='lat' dir='ltr'>est,4</span> 
     </span>
     <span class='ocr_line' id='line_1_6' title="bbox 62 862 1301 961; baseline 0 -24"><span class='ocrx_word' id='word_1_48' title='bbox 62 899 136 943; x_wconf 84' lang='lat' dir='ltr'>sne</span> <span class='ocrx_word' id='word_1_49' title='bbox 157 876 259 942; x_wconf 89' lang='lat' dir='ltr'>nimia</span> <span class='ocrx_word' id='word_1_50' title='bbox 275 862 468 961; x_wconf 74' lang='lat' dir='ltr'>¹profusione</span> <span class='ocrx_word' id='word_1_51' title='bbox 495 873 674 957; x_wconf 81' lang='lat' dir='ltr'>inarescat3</span> <span class='ocrx_word' id='word_1_52' title='bbox 702 872 758 937; x_wconf 88' lang='lat' dir='ltr'>sed</span> <span class='ocrx_word' id='word_1_53' title='bbox 786 871 998 956; x_wconf 84' lang='lat' dir='ltr'>temperanda</span> <span class='ocrx_word' id='word_1_54' title='bbox 1025 870 1060 935; x_wconf 91' lang='lat' dir='ltr'>in</span> <span class='ocrx_word' id='word_1_55' title='bbox 1092 870 1181 956; x_wconf 86' lang='lat' dir='ltr'>aliis,</span> <span class='ocrx_word' id='word_1_56' title='bbox 1209 871 1246 937; x_wconf 91' lang='lat' dir='ltr'>in</span> <span class='ocrx_word' id='word_1_57' title='bbox 1267 873 1301 941; x_wconf 88' lang='lat' dir='ltr'>te</span> 
     </span>
     <span class='ocr_line' id='line_1_7' title="bbox 73 973 1273 1069; baseline -0.004 -25"><span class='ocrx_word' id='word_1_58' title='bbox 73 984 170 1044; x_wconf 82' lang='lat' dir='ltr'>‘vero</span> <span class='ocrx_word' id='word_1_59' title='bbox 191 976 288 1044; x_wconf 84' lang='lat' dir='ltr'>facile</span> <span class='ocrx_word' id='word_1_60' title='bbox 310 976 340 1043; x_wconf 91' lang='lat' dir='ltr'>ei</span> <span class='ocrx_word' id='word_1_61' title='bbox 362 977 447 1042; x_wconf 87' lang='lat' dir='ltr'>ratio</span> <span class='ocrx_word' id='word_1_62' title='bbox 469 976 649 1062; x_wconf 80' lang='lat' dir='ltr'>constabit,</span> <span class='ocrx_word' id='word_1_63' title='bbox 672 975 801 1069; x_wconf 82' lang='lat' dir='ltr'>etiamsi</span> <span class='ocrx_word' id='word_1_64' title='bbox 823 974 954 1040; x_wconf 90' lang='lat' dir='ltr'>modum</span> <span class='ocrx_word' id='word_1_65' title='bbox 977 973 1160 1041; x_wconf 78' lang='lat' dir='ltr'>excesserit.</span> <span class='ocrx_word' id='word_1_66' title='bbox 1191 973 1273 1039; x_wconf 87' lang='lat' dir='ltr'>vale.</span> 
     </span>
    </p>
   </div>
   <div class='ocr_carea' id='block_1_3' title="bbox 677 1110 857 1233">
    <p class='ocr_par' dir='ltr' id='par_1_3' title="bbox 677 1110 857 1233">
     <span class='ocr_line' id='line_1_8' title="bbox 677 1110 857 1233; baseline 0 0"><span class='ocrx_word' id='word_1_67' title='bbox 677 1110 857 1233; x_wconf 69' lang='lat' dir='ltr'>ete</span> 
     </span>
    </p>
   </div>
   <div class='ocr_carea' id='block_1_4' title="bbox 430 1266 964 1324">
    <p class='ocr_par' dir='ltr' id='par_1_4' title="bbox 430 1266 964 1324">
     <span class='ocr_line' id='line_1_9' title="bbox 430 1266 964 1324; baseline 0.004 -2"><span class='ocrx_word' id='word_1_68' title='bbox 430 1268 461 1322; x_wconf 80' lang='grc' dir='ltr'>Ο.</span> <span class='ocrx_word' id='word_1_69' title='bbox 480 1270 631 1323; x_wconf 79' lang='lat' dir='ltr'>PLINIUS</span> <span class='ocrx_word' id='word_1_70' title='bbox 648 1266 825 1323; x_wconf 68' lang='lat' dir='ltr'>turnaco</span> <span class='ocrx_word' id='word_1_71' title='bbox 844 1266 917 1322; x_wconf 83' lang='lat' dir='ltr'>SUO</span> <span class='ocrx_word' id='word_1_72' title='bbox 936 1267 964 1324; x_wconf 82' lang='lat' dir='ltr'>S.</span> 
     </span>
    </p>
   </div>
   <div class='ocr_carea' id='block_1_5' title="bbox 27 1386 1333 3324">
    <p class='ocr_par' dir='ltr' id='par_1_5' title="bbox 27 1386 1333 3324">
     <span class='ocr_line' id='line_1_10' title="bbox 181 1386 1329 1475; baseline -0.005 -18"><span class='ocrx_word' id='word_1_73' title='bbox 181 1387 357 1457; x_wconf 82' lang='lat' dir='ltr'>Actionem</span> <span class='ocrx_word' id='word_1_74' title='bbox 384 1391 419 1453; x_wconf 87' lang='lat' dir='ltr'>et</span> <span class='ocrx_word' id='word_1_75' title='bbox 446 1410 467 1453; x_wconf 87' lang='lat' dir='ltr'>a</span> <span class='ocrx_word' id='word_1_76' title='bbox 492 1390 527 1453; x_wconf 88' lang='lat' dir='ltr'>te</span> <span class='ocrx_word' id='word_1_77' title='bbox 554 1387 743 1475; x_wconf 89' lang='lat' dir='ltr'>frequenter</span> <span class='ocrx_word' id='word_1_78' title='bbox 771 1386 988 1472; x_wconf 85' lang='lat' dir='ltr'>efflagitatam</span> <span class='ocrx_word' id='word_1_79' title='bbox 1016 1390 1050 1452; x_wconf 90' lang='lat' dir='ltr'>et</span> <span class='ocrx_word' id='word_1_80' title='bbox 1078 1408 1098 1451; x_wconf 91' lang='lat' dir='ltr'>a</span> <span class='ocrx_word' id='word_1_81' title='bbox 1124 1406 1177 1451; x_wconf 91' lang='lat' dir='ltr'>me</span> <span class='ocrx_word' id='word_1_82' title='bbox 1204 1389 1329 1472; x_wconf 90' lang='lat' dir='ltr'>saepel</span> 
     </span>
     <span class='ocr_line' id='line_1_11' title="bbox 49 1487 1301 1579; baseline 0.002 -27"><span class='ocrx_word' id='word_1_83' title='bbox 49 1514 77 1552; x_wconf 83' lang='grc' dir='ltr'>ιο</span> <span class='ocrx_word' id='word_1_84' title='bbox 90 1492 287 1579; x_wconf 85' lang='lat' dir='ltr'>promissam</span> <span class='ocrx_word' id='word_1_85' title='bbox 308 1489 441 1557; x_wconf 81' lang='lat' dir='ltr'>exhibui</span> <span class='ocrx_word' id='word_1_86' title='bbox 462 1490 541 1574; x_wconf 90' lang='lat' dir='ltr'>tibi,</span> <span class='ocrx_word' id='word_1_87' title='bbox 564 1490 710 1557; x_wconf 89' lang='lat' dir='ltr'>nondum</span> <span class='ocrx_word' id='word_1_88' title='bbox 724 1493 837 1555; x_wconf 86' lang='lat' dir='ltr'>tamen</span> <span class='ocrx_word' id='word_1_89' title='bbox 859 1491 979 1555; x_wconf 86' lang='lat' dir='ltr'>totam:</span> <span class='ocrx_word' id='word_1_90' title='bbox 1002 1487 1108 1554; x_wconf 89' lang='lat' dir='ltr'>adhuc</span> <span class='ocrx_word' id='word_1_91' title='bbox 1122 1488 1210 1555; x_wconf 91' lang='lat' dir='ltr'>enim</span> <span class='ocrx_word' id='word_1_92' title='bbox 1224 1510 1301 1574; x_wconf 88' lang='lat' dir='ltr'>pars</span> 
     </span>
     <span class='ocr_line' id='line_1_12' title="bbox 89 1591 1332 1681; baseline -0.002 -20"><span class='ocrx_word' id='word_1_93' title='bbox 89 1595 163 1661; x_wconf 85' lang='lat' dir='ltr'>eius</span> <span class='ocrx_word' id='word_1_94' title='bbox 183 1594 374 1681; x_wconf 87' lang='lat' dir='ltr'>perpolitur.</span> <span class='ocrx_word' id='word_1_95' title='bbox 416 1594 550 1659; x_wconf 84' lang='lat' dir='ltr'>interim</span> <span class='ocrx_word' id='word_1_96' title='bbox 571 1616 654 1680; x_wconf 89' lang='lat' dir='ltr'>quae</span> <span class='ocrx_word' id='word_1_97' title='bbox 681 1591 878 1663; x_wconf 87' lang='lat' dir='ltr'>absolutiora</span> <span class='ocrx_word' id='word_1_98' title='bbox 904 1592 986 1657; x_wconf 93' lang='lat' dir='ltr'>mihi</span> <span class='ocrx_word' id='word_1_99' title='bbox 1014 1591 1209 1658; x_wconf 85' lang='lat' dir='ltr'>ridebantur</span> <span class='ocrx_word' id='word_1_100' title='bbox 1234 1593 1332 1658; x_wconf 79' lang='lat' dir='ltr'>non2</span> 
     </span>
     <span class='ocr_line' id='line_1_13' title="bbox 88 1693 1302 1783; baseline -0.003 -19"><span class='ocrx_word' id='word_1_101' title='bbox 88 1698 158 1764; x_wconf 86' lang='lat' dir='ltr'>fuit</span> <span class='ocrx_word' id='word_1_102' title='bbox 177 1696 322 1765; x_wconf 83' lang='lat' dir='ltr'>alienum</span> <span class='ocrx_word' id='word_1_103' title='bbox 342 1696 462 1763; x_wconf 86' lang='lat' dir='ltr'>iudicio</span> <span class='ocrx_word' id='word_1_104' title='bbox 483 1700 541 1763; x_wconf 92' lang='lat' dir='ltr'>tuo</span> <span class='ocrx_word' id='word_1_105' title='bbox 563 1697 662 1762; x_wconf 90' lang='lat' dir='ltr'>tradi.</span> <span class='ocrx_word' id='word_1_106' title='bbox 700 1696 751 1762; x_wconf 90' lang='lat' dir='ltr'>his</span> <span class='ocrx_word' id='word_1_107' title='bbox 773 1699 810 1761; x_wconf 87' lang='lat' dir='ltr'>tu</span> <span class='ocrx_word' id='word_1_108' title='bbox 831 1717 912 1783; x_wconf 90' lang='lat' dir='ltr'>rogo</span> <span class='ocrx_word' id='word_1_109' title='bbox 927 1695 1145 1760; x_wconf 86' lang='lat' dir='ltr'>intentionem</span> <span class='ocrx_word' id='word_1_110' title='bbox 1159 1693 1302 1760; x_wconf 86' lang='lat' dir='ltr'>seriben-</span> 
     </span>
     <span class='ocr_line' id='line_1_14' title="bbox 88 1795 1302 1882; baseline -0.002 -16"><span class='ocrx_word' id='word_1_111' title='bbox 88 1799 135 1866; x_wconf 87' lang='lat' dir='ltr'>tis</span> <span class='ocrx_word' id='word_1_112' title='bbox 158 1798 391 1866; x_wconf 85' lang='lat' dir='ltr'>accommodes.</span> <span class='ocrx_word' id='word_1_113' title='bbox 420 1798 504 1865; x_wconf 90' lang='lat' dir='ltr'>nihil</span> <span class='ocrx_word' id='word_1_114' title='bbox 526 1798 614 1864; x_wconf 86' lang='lat' dir='ltr'>enim</span> <span class='ocrx_word' id='word_1_115' title='bbox 636 1797 741 1865; x_wconf 83' lang='lat' dir='ltr'>adhuc</span> <span class='ocrx_word' id='word_1_116' title='bbox 763 1799 980 1864; x_wconf 78' lang='lat' dir='ltr'>intermunus</span> <span class='ocrx_word' id='word_1_117' title='bbox 995 1795 1094 1863; x_wconf 89' lang='lat' dir='ltr'>habui</span> <span class='ocrx_word' id='word_1_118' title='bbox 1102 1846 1112 1882; x_wconf 90' lang='lat'>,</span> <span class='ocrx_word' id='word_1_119' title='bbox 1136 1795 1189 1862; x_wconf 92' lang='lat' dir='ltr'>cui</span> <span class='ocrx_word' id='word_1_120' title='bbox 1202 1798 1302 1863; x_wconf 86' lang='lat' dir='ltr'>maio-</span> 
     </span>
     <span class='ocr_line' id='line_1_15' title="bbox 88 1899 1332 1988; baseline -0.001 -20"><span class='ocrx_word' id='word_1_121' title='bbox 88 1925 163 1969; x_wconf 88' lang='lat' dir='ltr'>rem</span> <span class='ocrx_word' id='word_1_122' title='bbox 183 1901 434 1969; x_wconf 87' lang='lat' dir='ltr'>sollicitudinem</span> <span class='ocrx_word' id='word_1_123' title='bbox 456 1906 623 1988; x_wconf 85' lang='lat' dir='ltr'>praestare</span> <span class='ocrx_word' id='word_1_124' title='bbox 645 1902 805 1968; x_wconf 86' lang='lat' dir='ltr'>deberem.</span> <span class='ocrx_word' id='word_1_125' title='bbox 837 1923 914 1967; x_wconf 89' lang='lat' dir='ltr'>nam</span> <span class='ocrx_word' id='word_1_126' title='bbox 935 1902 972 1967; x_wconf 90' lang='lat' dir='ltr'>in</span> <span class='ocrx_word' id='word_1_127' title='bbox 988 1901 1103 1966; x_wconf 87' lang='lat' dir='ltr'>ceteris</span> <span class='ocrx_word' id='word_1_128' title='bbox 1119 1899 1332 1967; x_wconf 84' lang='lat' dir='ltr'>actionibus3</span> 
     </span>
     <span class='ocr_line' id='line_1_16' title="bbox 47 2003 1303 2092; baseline 0.003 -27"><span class='ocrx_word' id='word_1_129' title='bbox 47 2024 75 2065; x_wconf 77' lang='lat' dir='ltr'>a</span> <span class='ocrx_word' id='word_1_130' title='bbox 90 2004 327 2072; x_wconf 77' lang='lat' dir='ltr'>existimationi</span> <span class='ocrx_word' id='word_1_131' title='bbox 349 2003 519 2071; x_wconf 90' lang='lat' dir='ltr'>hominum</span> <span class='ocrx_word' id='word_1_132' title='bbox 542 2004 714 2092; x_wconf 87' lang='lat' dir='ltr'>diligentia</span> <span class='ocrx_word' id='word_1_133' title='bbox 729 2008 858 2070; x_wconf 86' lang='lat' dir='ltr'>tantum</span> <span class='ocrx_word' id='word_1_134' title='bbox 881 2006 914 2070; x_wconf 90' lang='lat' dir='ltr'>et</span> <span class='ocrx_word' id='word_1_135' title='bbox 927 2003 1009 2069; x_wconf 89' lang='lat' dir='ltr'>fides</span> <span class='ocrx_word' id='word_1_136' title='bbox 1030 2005 1159 2088; x_wconf 86' lang='lat' dir='ltr'>nostra,</span> <span class='ocrx_word' id='word_1_137' title='bbox 1181 2003 1218 2069; x_wconf 91' lang='lat' dir='ltr'>in</span> <span class='ocrx_word' id='word_1_138' title='bbox 1239 2003 1303 2069; x_wconf 88' lang='lat' dir='ltr'>hae</span> 
     </span>
     <span class='ocr_line' id='line_1_17' title="bbox 89 2104 1302 2193; baseline -0.002 -19"><span class='ocrx_word' id='word_1_139' title='bbox 89 2108 194 2174; x_wconf 88' lang='lat' dir='ltr'>etiam</span> <span class='ocrx_word' id='word_1_140' title='bbox 208 2107 313 2193; x_wconf 85' lang='lat' dir='ltr'>pietas</span> <span class='ocrx_word' id='word_1_141' title='bbox 329 2107 516 2173; x_wconf 87' lang='lat' dir='ltr'>subicietur.</span> <span class='ocrx_word' id='word_1_142' title='bbox 546 2106 623 2172; x_wconf 90' lang='lat' dir='ltr'>inde</span> <span class='ocrx_word' id='word_1_143' title='bbox 645 2109 678 2172; x_wconf 87' lang='lat' dir='ltr'>et</span> <span class='ocrx_word' id='word_1_144' title='bbox 692 2106 776 2173; x_wconf 87' lang='lat' dir='ltr'>liber</span> <span class='ocrx_word' id='word_1_145' title='bbox 797 2106 913 2190; x_wconf 89' lang='lat' dir='ltr'>crevit,</span> <span class='ocrx_word' id='word_1_146' title='bbox 938 2105 1013 2171; x_wconf 93' lang='lat' dir='ltr'>dum</span> <span class='ocrx_word' id='word_1_147' title='bbox 1029 2126 1145 2171; x_wconf 86' lang='lat' dir='ltr'>ornare</span> <span class='ocrx_word' id='word_1_148' title='bbox 1160 2104 1302 2191; x_wconf 89' lang='lat' dir='ltr'>patriam</span> 
     </span>
     <span class='ocr_line' id='line_1_18' title="bbox 90 2208 1302 2297; baseline -0.002 -20"><span class='ocrx_word' id='word_1_149' title='bbox 90 2214 125 2277; x_wconf 88' lang='lat' dir='ltr'>et</span> <span class='ocrx_word' id='word_1_150' title='bbox 148 2209 347 2296; x_wconf 83' lang='lat' dir='ltr'>amplificare</span> <span class='ocrx_word' id='word_1_151' title='bbox 369 2210 548 2297; x_wconf 86' lang='lat' dir='ltr'>gaudemus</span> <span class='ocrx_word' id='word_1_152' title='bbox 555 2259 565 2295; x_wconf 93' lang='lat'>,</span> <span class='ocrx_word' id='word_1_153' title='bbox 587 2210 711 2296; x_wconf 90' lang='lat' dir='ltr'>pariter</span> <span class='ocrx_word' id='word_1_154' title='bbox 732 2212 766 2275; x_wconf 91' lang='lat' dir='ltr'>et</span> <span class='ocrx_word' id='word_1_155' title='bbox 788 2209 970 2276; x_wconf 86' lang='lat' dir='ltr'>defensioni</span> <span class='ocrx_word' id='word_1_156' title='bbox 998 2208 1066 2274; x_wconf 89' lang='lat' dir='ltr'>eius</span> <span class='ocrx_word' id='word_1_157' title='bbox 1089 2208 1246 2274; x_wconf 88' lang='lat' dir='ltr'>servimus</span> <span class='ocrx_word' id='word_1_158' title='bbox 1269 2211 1302 2274; x_wconf 90' lang='lat' dir='ltr'>et</span> 
     </span>
     <span class='ocr_line' id='line_1_19' title="bbox 89 2309 1332 2401; baseline -0.002 -22"><span class='ocrx_word' id='word_1_159' title='bbox 89 2313 228 2401; x_wconf 87' lang='lat' dir='ltr'>gloriae.</span> <span class='ocrx_word' id='word_1_160' title='bbox 264 2315 442 2379; x_wconf 87' lang='lat' dir='ltr'>tutamen</span> <span class='ocrx_word' id='word_1_161' title='bbox 469 2311 552 2378; x_wconf 86' lang='lat' dir='ltr'>haec</span> <span class='ocrx_word' id='word_1_162' title='bbox 573 2312 661 2398; x_wconf 88' lang='lat' dir='ltr'>ipsa,</span> <span class='ocrx_word' id='word_1_163' title='bbox 691 2316 849 2399; x_wconf 90' lang='lat' dir='ltr'>quantum</span> <span class='ocrx_word' id='word_1_164' title='bbox 875 2311 959 2378; x_wconf 85' lang='lat' dir='ltr'>ratio</span> <span class='ocrx_word' id='word_1_165' title='bbox 988 2311 1149 2399; x_wconf 80' lang='lat' dir='ltr'>exegerit,</span> <span class='ocrx_word' id='word_1_166' title='bbox 1178 2309 1332 2377; x_wconf 82' lang='lat' dir='ltr'>reseca4</span> 
     </span>
     <span class='ocr_line' id='line_1_20' title="bbox 27 2413 1301 2504; baseline -0.002 -23"><span class='ocrx_word' id='word_1_167' title='bbox 27 2461 32 2471; x_wconf 84' lang='lat'><em>·</em></span> <span class='ocrx_word' id='word_1_168' title='bbox 88 2416 242 2504; x_wconf 85' lang='lat' dir='ltr'>quotiens</span> <span class='ocrx_word' id='word_1_169' title='bbox 265 2414 352 2481; x_wconf 91' lang='lat' dir='ltr'>enim</span> <span class='ocrx_word' id='word_1_170' title='bbox 379 2415 420 2482; x_wconf 87' lang='lat' dir='ltr'>ad</span> <span class='ocrx_word' id='word_1_171' title='bbox 446 2414 615 2481; x_wconf 87' lang='lat' dir='ltr'>fastidium</span> <span class='ocrx_word' id='word_1_172' title='bbox 637 2415 817 2503; x_wconf 87' lang='lat' dir='ltr'>legentium</span> <span class='ocrx_word' id='word_1_173' title='bbox 845 2414 1039 2502; x_wconf 84' lang='lat' dir='ltr'>deliciasque</span> <span class='ocrx_word' id='word_1_174' title='bbox 1066 2413 1223 2503; x_wconf 81' lang='lat' dir='ltr'>respicio,</span> <span class='ocrx_word' id='word_1_175' title='bbox 1250 2413 1301 2495; x_wconf 81' lang='lat' dir='ltr'>in·</span> 
     </span>
     <span class='ocr_line' id='line_1_21' title="bbox 46 2516 1302 2605; baseline 0 -22"><span class='ocrx_word' id='word_1_176' title='bbox 46 2518 214 2605; x_wconf 84' lang='lat' dir='ltr'>sotellego</span> <span class='ocrx_word' id='word_1_177' title='bbox 235 2518 331 2584; x_wconf 89' lang='lat' dir='ltr'>nobis</span> <span class='ocrx_word' id='word_1_178' title='bbox 353 2519 666 2584; x_wconf 79' lang='lat' dir='ltr'>commendationem</span> <span class='ocrx_word' id='word_1_179' title='bbox 690 2522 723 2584; x_wconf 85' lang='lat' dir='ltr'>et</span> <span class='ocrx_word' id='word_1_180' title='bbox 745 2541 784 2584; x_wconf 85' lang='lat' dir='ltr'>ex</span> <span class='ocrx_word' id='word_1_181' title='bbox 806 2518 878 2603; x_wconf 85' lang='lat' dir='ltr'>ipsa</span> <span class='ocrx_word' id='word_1_182' title='bbox 904 2517 1128 2583; x_wconf 83' lang='lat' dir='ltr'>mediocritate</span> <span class='ocrx_word' id='word_1_183' title='bbox 1149 2516 1226 2582; x_wconf 88' lang='lat' dir='ltr'>libri</span> <span class='ocrx_word' id='word_1_184' title='bbox 1247 2538 1302 2602; x_wconf 79' lang='lat' dir='ltr'>pe</span> 
     </span>
     <span class='ocr_line' id='line_1_22' title="bbox 69 2612 1333 2706; baseline -0.002 -19"><span class='ocrx_word' id='word_1_185' title='bbox 69 2612 236 2688; x_wconf 78' lang='lat' dir='ltr'>tendam.</span> <span class='ocrx_word' id='word_1_186' title='bbox 280 2620 366 2686; x_wconf 90' lang='lat' dir='ltr'>idem</span> <span class='ocrx_word' id='word_1_187' title='bbox 387 2624 515 2705; x_wconf 88' lang='lat' dir='ltr'>tamen,</span> <span class='ocrx_word' id='word_1_188' title='bbox 539 2620 594 2706; x_wconf 89' lang='lat' dir='ltr'>qui</span> <span class='ocrx_word' id='word_1_189' title='bbox 618 2642 637 2686; x_wconf 89' lang='lat' dir='ltr'>a</span> <span class='ocrx_word' id='word_1_190' title='bbox 659 2624 692 2686; x_wconf 87' lang='lat' dir='ltr'>te</span> <span class='ocrx_word' id='word_1_191' title='bbox 714 2620 801 2686; x_wconf 87' lang='lat' dir='ltr'>hano</span> <span class='ocrx_word' id='word_1_192' title='bbox 824 2620 1047 2686; x_wconf 82' lang='lat' dir='ltr'>austeritatem</span> <span class='ocrx_word' id='word_1_193' title='bbox 1070 2619 1180 2706; x_wconf 84' lang='lat' dir='ltr'>exigo,</span> <span class='ocrx_word' id='word_1_194' title='bbox 1204 2618 1333 2706; x_wconf 81' lang='lat' dir='ltr'>cogor5</span> 
     </span>
     <span class='ocr_line' id='line_1_23' title="bbox 89 2717 1301 2810; baseline -0.001 -21"><span class='ocrx_word' id='word_1_195' title='bbox 89 2724 126 2790; x_wconf 93' lang='lat' dir='ltr'>id</span> <span class='ocrx_word' id='word_1_196' title='bbox 149 2723 233 2810; x_wconf 92' lang='lat' dir='ltr'>quod</span> <span class='ocrx_word' id='word_1_197' title='bbox 248 2723 410 2789; x_wconf 78' lang='lat' dir='ltr'>disemum</span> <span class='ocrx_word' id='word_1_198' title='bbox 432 2717 677 2809; x_wconf 61' lang='lat' dir='ltr'>est&#39;postulare,</span> <span class='ocrx_word' id='word_1_199' title='bbox 700 2728 738 2789; x_wconf 94' lang='lat' dir='ltr'>ut</span> <span class='ocrx_word' id='word_1_200' title='bbox 752 2725 787 2789; x_wconf 93' lang='lat' dir='ltr'>in</span> <span class='ocrx_word' id='word_1_201' title='bbox 801 2722 963 2810; x_wconf 89' lang='lat' dir='ltr'>plerisque</span> <span class='ocrx_word' id='word_1_202' title='bbox 982 2724 1126 2788; x_wconf 91' lang='lat' dir='ltr'>frontem</span> <span class='ocrx_word' id='word_1_203' title='bbox 1141 2721 1301 2788; x_wconf 83' lang='lat' dir='ltr'>remittas.</span> 
     </span>
     <span class='ocr_line' id='line_1_24' title="bbox 88 2825 1302 2912; baseline -0.003 -19"><span class='ocrx_word' id='word_1_204' title='bbox 88 2830 170 2893; x_wconf 89' lang='lat' dir='ltr'>sunt</span> <span class='ocrx_word' id='word_1_205' title='bbox 191 2825 281 2904; x_wconf 84' lang='lat' dir='ltr'>enirn</span> <span class='ocrx_word' id='word_1_206' title='bbox 301 2827 459 2912; x_wconf 88' lang='lat' dir='ltr'>quaedam</span> <span class='ocrx_word' id='word_1_207' title='bbox 482 2826 737 2893; x_wconf 86' lang='lat' dir='ltr'>adulescentimn</span> <span class='ocrx_word' id='word_1_208' title='bbox 759 2827 890 2892; x_wconf 86' lang='lat' dir='ltr'>auribus</span> <span class='ocrx_word' id='word_1_209' title='bbox 913 2827 1036 2911; x_wconf 85' lang='lat' dir='ltr'>danda,</span> <span class='ocrx_word' id='word_1_210' title='bbox 1060 2825 1252 2912; x_wconf 86' lang='lat' dir='ltr'>praesertim</span> <span class='ocrx_word' id='word_1_211' title='bbox 1273 2825 1302 2889; x_wconf 90' lang='lat' dir='ltr'>si</span> 
     </span>
     <span class='ocr_line' id='line_1_25' title="bbox 88 2926 1302 3015; baseline -0.003 -19"><span class='ocrx_word' id='word_1_212' title='bbox 88 2929 231 2997; x_wconf 82' lang='lat' dir='ltr'>materia</span> <span class='ocrx_word' id='word_1_213' title='bbox 253 2949 321 2995; x_wconf 93' lang='lat' dir='ltr'>non</span> <span class='ocrx_word' id='word_1_214' title='bbox 335 2929 530 3015; x_wconf 79' lang='lat' dir='ltr'>refragetur.</span> <span class='ocrx_word' id='word_1_215' title='bbox 559 2951 637 2995; x_wconf 87' lang='lat' dir='ltr'>nam</span> <span class='ocrx_word' id='word_1_216' title='bbox 652 2928 886 3014; x_wconf 85' lang='lat' dir='ltr'>descriptiones</span> <span class='ocrx_word' id='word_1_217' title='bbox 901 2929 1060 3014; x_wconf 90' lang='lat' dir='ltr'>locorum,</span> <span class='ocrx_word' id='word_1_218' title='bbox 1084 2949 1167 3013; x_wconf 86' lang='lat' dir='ltr'>quae</span> <span class='ocrx_word' id='word_1_219' title='bbox 1189 2927 1224 2992; x_wconf 93' lang='lat' dir='ltr'>in</span> <span class='ocrx_word' id='word_1_220' title='bbox 1239 2926 1302 2993; x_wconf 87' lang='lat' dir='ltr'>hoc</span> 
     </span>
     <span class='ocr_line' id='line_1_26' title="bbox 45 3031 1301 3119; baseline 0.001 -25"><span class='ocrx_word' id='word_1_221' title='bbox 45 3033 176 3099; x_wconf 76' lang='lat' dir='ltr'>salibra</span> <span class='ocrx_word' id='word_1_222' title='bbox 196 3032 433 3119; x_wconf 84' lang='lat' dir='ltr'>frequentiores</span> <span class='ocrx_word' id='word_1_223' title='bbox 456 3036 568 3116; x_wconf 88' lang='lat' dir='ltr'>erunt,</span> <span class='ocrx_word' id='word_1_224' title='bbox 592 3053 660 3099; x_wconf 90' lang='lat' dir='ltr'>non</span> <span class='ocrx_word' id='word_1_225' title='bbox 681 3032 834 3097; x_wconf 85' lang='lat' dir='ltr'>historice</span> <span class='ocrx_word' id='word_1_226' title='bbox 856 3035 985 3097; x_wconf 86' lang='lat' dir='ltr'>tanturn</span> <span class='ocrx_word' id='word_1_227' title='bbox 1013 3031 1069 3096; x_wconf 89' lang='lat' dir='ltr'>sed</span> <span class='ocrx_word' id='word_1_228' title='bbox 1098 3051 1198 3116; x_wconf 90' lang='lat' dir='ltr'>prope</span> <span class='ocrx_word' id='word_1_229' title='bbox 1226 3050 1301 3116; x_wconf 79' lang='lat' dir='ltr'>poe</span> 
     </span>
     <span class='ocr_line' id='line_1_27' title="bbox 88 3132 1330 3220; baseline -0.002 -19"><span class='ocrx_word' id='word_1_230' title='bbox 88 3136 157 3202; x_wconf 90' lang='lat' dir='ltr'>tice</span> <span class='ocrx_word' id='word_1_231' title='bbox 179 3134 330 3220; x_wconf 90' lang='lat' dir='ltr'>prosequi</span> <span class='ocrx_word' id='word_1_232' title='bbox 351 3133 403 3200; x_wconf 88' lang='lat' dir='ltr'>fas</span> <span class='ocrx_word' id='word_1_233' title='bbox 425 3137 485 3200; x_wconf 81' lang='lat' dir='ltr'>est</span> <span class='ocrx_word' id='word_1_234' title='bbox 522 3134 606 3220; x_wconf 90' lang='lat' dir='ltr'>quod</span> <span class='ocrx_word' id='word_1_235' title='bbox 630 3138 740 3200; x_wconf 90' lang='lat' dir='ltr'>tamen</span> <span class='ocrx_word' id='word_1_236' title='bbox 763 3134 863 3220; x_wconf 88' lang='lat' dir='ltr'>siquis</span> <span class='ocrx_word' id='word_1_237' title='bbox 886 3134 1033 3200; x_wconf 81' lang='lat' dir='ltr'>extiterit</span> <span class='ocrx_word' id='word_1_238' title='bbox 1054 3134 1107 3219; x_wconf 91' lang='lat' dir='ltr'>qui</span> <span class='ocrx_word' id='word_1_239' title='bbox 1124 3136 1218 3220; x_wconf 87' lang='lat' dir='ltr'>putet</span> <span class='ocrx_word' id='word_1_240' title='bbox 1238 3132 1330 3200; x_wconf 90' lang='lat' dir='ltr'>nos6</span> 
     </span>
     <span class='ocr_line' id='line_1_28' title="bbox 88 3235 1300 3324; baseline -0.002 -20"><span class='ocrx_word' id='word_1_241' title='bbox 88 3237 210 3304; x_wconf 89' lang='lat' dir='ltr'>laetius</span> <span class='ocrx_word' id='word_1_242' title='bbox 231 3237 364 3322; x_wconf 89' lang='lat' dir='ltr'>fecisse,</span> <span class='ocrx_word' id='word_1_243' title='bbox 394 3259 491 3324; x_wconf 88' lang='lat' dir='ltr'>quam</span> <span class='ocrx_word' id='word_1_244' title='bbox 518 3236 676 3303; x_wconf 89' lang='lat' dir='ltr'>orationis</span> <span class='ocrx_word' id='word_1_245' title='bbox 703 3237 859 3303; x_wconf 84' lang='lat' dir='ltr'>severitas</span> <span class='ocrx_word' id='word_1_246' title='bbox 888 3237 1015 3323; x_wconf 86' lang='lat' dir='ltr'>exigat,</span> <span class='ocrx_word' id='word_1_247' title='bbox 1043 3236 1156 3322; x_wconf 90' lang='lat' dir='ltr'>huius,</span> <span class='ocrx_word' id='word_1_248' title='bbox 1187 3238 1225 3301; x_wconf 92' lang='lat' dir='ltr'>ut</span> <span class='ocrx_word' id='word_1_249' title='bbox 1251 3235 1300 3301; x_wconf 90' lang='lat' dir='ltr'>ita</span> 
     </span>
    </p>
   </div>
   <div class='ocr_carea' id='block_1_6' title="bbox 9 3495 1302 4662">
    <p class='ocr_par' dir='ltr' id='par_1_6' title="bbox 90 3495 1302 3899">
     <span class='ocr_line' id='line_1_29' title="bbox 163 3495 1300 3551; baseline -0.001 -3"><span class='ocrx_word' id='word_1_250' title='bbox 163 3501 176 3548; x_wconf 89' lang='lat'>1</span> <span class='ocrx_word' id='word_1_251' title='bbox 196 3501 308 3551; x_wconf 86' lang='lat' dir='ltr'>omniuo</span> <span class='ocrx_word' id='word_1_252' title='bbox 331 3498 422 3549; x_wconf 58' lang='lat' dir='ltr'>nobis«</span> <span class='ocrx_word' id='word_1_253' title='bbox 433 3498 561 3550; x_wconf 79' lang='lat' dir='ltr'>modicae</span> <span class='ocrx_word' id='word_1_254' title='bbox 578 3499 654 3547; x_wconf 70' lang='lat' dir='ltr'>uua</span> <span class='ocrx_word' id='word_1_255' title='bbox 672 3499 783 3549; x_wconf 83' lang='lat' dir='ltr'>omnino</span> <span class='ocrx_word' id='word_1_256' title='bbox 802 3497 930 3548; x_wconf 82' lang='lat' dir='ltr'>modicae</span> <span class='ocrx_word' id='word_1_257' title='bbox 953 3495 1033 3546; x_wconf 89' lang='lat' dir='ltr'>nobis</span> <span class='ocrx_word' id='word_1_258' title='bbox 1050 3498 1073 3546; x_wconf 90' lang='lat' dir='ltr'>n</span> <span class='ocrx_word' id='word_1_259' title='bbox 1090 3496 1171 3548; x_wconf 89' lang='lat' dir='ltr'>nobis</span> <span class='ocrx_word' id='word_1_260' title='bbox 1190 3496 1300 3547; x_wconf 89' lang='lat' dir='ltr'>omnino</span> 
     </span>
     <span class='ocr_line' id='line_1_30' title="bbox 90 3565 1301 3632; baseline -0.005 -12"><span class='ocrx_word' id='word_1_261' title='bbox 90 3567 224 3620; x_wconf 80' lang='lat' dir='ltr'>modicae</span> <span class='ocrx_word' id='word_1_262' title='bbox 238 3568 300 3632; x_wconf 73' lang='lat' dir='ltr'>Fpr</span> <span class='ocrx_word' id='word_1_263' title='bbox 368 3567 589 3619; x_wconf 70' lang='lat' dir='ltr'>iconditionem</span> <span class='ocrx_word' id='word_1_264' title='bbox 606 3568 662 3616; x_wconf 75' lang='lat' dir='ltr'>liv</span> <span class='ocrx_word' id='word_1_265' title='bbox 731 3568 867 3616; x_wconf 86' lang='lat' dir='ltr'>incertior</span> <span class='ocrx_word' id='word_1_266' title='bbox 884 3580 927 3615; x_wconf 85' lang='lat' dir='ltr'>rue</span> <span class='ocrx_word' id='word_1_267' title='bbox 948 3565 1050 3615; x_wconf 83' lang='lat' dir='ltr'>extimo</span> <span class='ocrx_word' id='word_1_268' title='bbox 1069 3565 1150 3616; x_wconf 86' lang='lat' dir='ltr'>sedr</span> <span class='ocrx_word' id='word_1_269' title='bbox 1201 3569 1301 3629; x_wconf 71' lang='lat' dir='ltr'>Ssup-</span> 
     </span>
     <span class='ocr_line' id='line_1_31' title="bbox 91 3632 1299 3704; baseline -0.004 -17"><span class='ocrx_word' id='word_1_270' title='bbox 91 3636 208 3704; x_wconf 78' lang='lat' dir='ltr'>plentur</span> <span class='ocrx_word' id='word_1_271' title='bbox 223 3649 239 3686; x_wconf 92' lang='lat' dir='ltr'>r</span> <span class='ocrx_word' id='word_1_272' title='bbox 289 3653 325 3688; x_wconf 83' lang='lat' dir='ltr'>cx</span> <span class='ocrx_word' id='word_1_273' title='bbox 343 3649 397 3702; x_wconf 86' lang='lat' dir='ltr'>qua</span> <span class='ocrx_word' id='word_1_274' title='bbox 415 3636 495 3687; x_wconf 84' lang='lat' dir='ltr'>uelut</span> <span class='ocrx_word' id='word_1_275' title='bbox 512 3652 528 3686; x_wconf 88' lang='lat' dir='ltr'>e</span> <span class='ocrx_word' id='word_1_276' title='bbox 547 3633 594 3702; x_wconf 85' lang='lat' dir='ltr'>(ex</span> <span class='ocrx_word' id='word_1_277' title='bbox 605 3632 654 3701; x_wconf 81' lang='lat' dir='ltr'>pr)</span> <span class='ocrx_word' id='word_1_278' title='bbox 672 3637 749 3686; x_wconf 86' lang='lat' dir='ltr'>fonte</span> <span class='ocrx_word' id='word_1_279' title='bbox 767 3636 840 3698; x_wconf 75' lang='lat' dir='ltr'>rpr:</span> <span class='ocrx_word' id='word_1_280' title='bbox 858 3635 974 3697; x_wconf 72' lang='lat' dir='ltr'>foetosae</span> <span class='ocrx_word' id='word_1_281' title='bbox 994 3650 1028 3683; x_wconf 88' lang='lat' dir='ltr'>ex</span> <span class='ocrx_word' id='word_1_282' title='bbox 1045 3648 1099 3698; x_wconf 82' lang='lat' dir='ltr'>quc</span> <span class='ocrx_word' id='word_1_283' title='bbox 1113 3632 1190 3684; x_wconf 83' lang='lat' dir='ltr'>velut</span> <span class='ocrx_word' id='word_1_284' title='bbox 1208 3633 1299 3683; x_wconf 87' lang='lat' dir='ltr'>fonte:</span> 
     </span>
     <span class='ocr_line' id='line_1_32' title="bbox 90 3702 1302 3770; baseline -0.004 -14"><span class='ocrx_word' id='word_1_285' title='bbox 90 3705 129 3768; x_wconf 67' lang='lat' dir='ltr'>es.</span> <span class='ocrx_word' id='word_1_286' title='bbox 148 3704 201 3755; x_wconf 91' lang='lat' dir='ltr'>III</span> <span class='ocrx_word' id='word_1_287' title='bbox 218 3707 253 3755; x_wconf 80' lang='grc'>20</span> <span class='ocrx_word' id='word_1_288' title='bbox 270 3713 341 3756; x_wconf 71' lang='lat' dir='ltr'>extr.</span> <span class='ocrx_word' id='word_1_289' title='bbox 388 3704 473 3755; x_wconf 85' lang='lat' dir='ltr'>uelud</span> <span class='ocrx_word' id='word_1_290' title='bbox 491 3705 519 3753; x_wconf 75' lang='grc'>11</span> <span class='ocrx_word' id='word_1_291' title='bbox 571 3704 779 3770; x_wconf 77' lang='lat' dir='ltr'>bprofessione</span> <span class='ocrx_word' id='word_1_292' title='bbox 802 3720 872 3755; x_wconf 78' lang='lat' dir='ltr'>corr.</span> <span class='ocrx_word' id='word_1_293' title='bbox 892 3702 1052 3768; x_wconf 83' lang='lat' dir='ltr'>profusione</span> <span class='ocrx_word' id='word_1_294' title='bbox 1069 3704 1098 3750; x_wconf 79' lang='grc'>11</span> <span class='ocrx_word' id='word_1_295' title='bbox 1144 3706 1302 3752; x_wconf 85' lang='lat' dir='ltr'>marcescat</span> 
     </span>
     <span class='ocr_line' id='line_1_33' title="bbox 90 3770 1300 3841; baseline -0.002 -17"><span class='ocrx_word' id='word_1_296' title='bbox 90 3790 110 3841; x_wconf 75' lang='lat' dir='ltr'>p</span> <span class='ocrx_word' id='word_1_297' title='bbox 213 3773 335 3825; x_wconf 81' lang='lat' dir='ltr'>dfacile</span> <span class='ocrx_word' id='word_1_298' title='bbox 352 3779 387 3824; x_wconf 80' lang='lat' dir='ltr'>&#39;et</span> <span class='ocrx_word' id='word_1_299' title='bbox 409 3775 482 3824; x_wconf 80' lang='lat' dir='ltr'>ratio</span> <span class='ocrx_word' id='word_1_300' title='bbox 500 3773 547 3822; x_wconf 76' lang='lat' dir='ltr'>rit</span> <span class='ocrx_word' id='word_1_301' title='bbox 570 3773 656 3823; x_wconf 85' lang='lat' dir='ltr'>facile</span> <span class='ocrx_word' id='word_1_302' title='bbox 678 3774 752 3823; x_wconf 87' lang='lat' dir='ltr'>ratio</span> <span class='ocrx_word' id='word_1_303' title='bbox 770 3773 893 3834; x_wconf 72' lang='grc' dir='ltr'>Ὴρςι</span> <span class='ocrx_word' id='word_1_304' title='bbox 915 3770 1008 3821; x_wconf 80' lang='lat' dir='ltr'>facilis</span> <span class='ocrx_word' id='word_1_305' title='bbox 1027 3785 1082 3821; x_wconf 89' lang='lat' dir='ltr'>non</span> <span class='ocrx_word' id='word_1_306' title='bbox 1100 3784 1126 3823; x_wconf 93' lang='lat' dir='ltr'>r:</span> <span class='ocrx_word' id='word_1_307' title='bbox 1152 3771 1187 3833; x_wconf 67' lang='lat' dir='ltr'>ef.</span> <span class='ocrx_word' id='word_1_308' title='bbox 1205 3785 1300 3836; x_wconf 78' lang='lat' dir='ltr'>paneg.</span> 
     </span>
     <span class='ocr_line' id='line_1_34' title="bbox 90 3845 171 3899; baseline -0.025 -4"><span class='ocrx_word' id='word_1_309' title='bbox 90 3860 117 3899; x_wconf 83' lang='lat' dir='ltr'>c.</span> <span class='ocrx_word' id='word_1_310' title='bbox 135 3845 171 3893; x_wconf 80' lang='lat'>38</span> 
     </span>
    </p>

    <p class='ocr_par' dir='ltr' id='par_1_7' title="bbox 9 3904 1302 4662">
     <span class='ocr_line' id='line_1_35' title="bbox 161 3904 1266 3976; baseline -0.003 -17"><span class='ocrx_word' id='word_1_311' title='bbox 161 3910 187 3959; x_wconf 84' lang='lat' dir='ltr'>V</span> <span class='ocrx_word' id='word_1_312' title='bbox 205 3912 221 3961; x_wconf 84' lang='grc'>9</span> <span class='ocrx_word' id='word_1_313' title='bbox 239 3908 356 3960; x_wconf 77' lang='lat' dir='ltr'>Aetione</span> <span class='ocrx_word' id='word_1_314' title='bbox 368 3924 385 3974; x_wconf 83' lang='lat' dir='ltr'>p</span> <span class='ocrx_word' id='word_1_315' title='bbox 421 3911 582 3976; x_wconf 88' lang='lat' dir='ltr'>frequenter</span> <span class='ocrx_word' id='word_1_316' title='bbox 595 3914 624 3960; x_wconf 88' lang='lat' dir='ltr'>et</span> <span class='ocrx_word' id='word_1_317' title='bbox 642 3925 660 3960; x_wconf 79' lang='lat' dir='ltr'>a</span> <span class='ocrx_word' id='word_1_318' title='bbox 671 3915 699 3960; x_wconf 90' lang='lat' dir='ltr'>te</span> <span class='ocrx_word' id='word_1_319' title='bbox 712 3924 748 3974; x_wconf 86' lang='lat' dir='ltr'>pr</span> <span class='ocrx_word' id='word_1_320' title='bbox 782 3913 811 3960; x_wconf 90' lang='lat' dir='ltr'>et</span> <span class='ocrx_word' id='word_1_321' title='bbox 820 3925 837 3959; x_wconf 90' lang='lat' dir='ltr'>a</span> <span class='ocrx_word' id='word_1_322' title='bbox 847 3904 889 3975; x_wconf 88' lang='lat' dir='ltr'>te]</span> <span class='ocrx_word' id='word_1_323' title='bbox 903 3913 932 3958; x_wconf 89' lang='lat' dir='ltr'>et</span> <span class='ocrx_word' id='word_1_324' title='bbox 944 3908 984 3958; x_wconf 85' lang='lat' dir='ltr'>ati</span> <span class='ocrx_word' id='word_1_325' title='bbox 994 3908 1022 3956; x_wconf 80' lang='grc'>11</span> <span class='ocrx_word' id='word_1_326' title='bbox 1034 3911 1131 3958; x_wconf 80' lang='lat' dir='ltr'>aetate</span> <span class='ocrx_word' id='word_1_327' title='bbox 1145 3907 1266 3957; x_wconf 81' lang='lat' dir='ltr'>Riccord.</span> 
     </span>
     <span class='ocr_line' id='line_1_36' title="bbox 91 3974 1302 4047; baseline -0.006 -15"><span class='ocrx_word' id='word_1_328' title='bbox 91 3974 194 4047; x_wconf 83' lang='lat' dir='ltr'>saepe]</span> <span class='ocrx_word' id='word_1_329' title='bbox 213 3992 323 4044; x_wconf 87' lang='lat' dir='ltr'>semper</span> <span class='ocrx_word' id='word_1_330' title='bbox 340 3992 378 4042; x_wconf 87' lang='lat' dir='ltr'>pr</span> <span class='ocrx_word' id='word_1_331' title='bbox 463 3981 496 4045; x_wconf 85' lang='grc'>10</span> <span class='ocrx_word' id='word_1_332' title='bbox 514 3994 569 4029; x_wconf 90' lang='lat' dir='ltr'>non</span> <span class='ocrx_word' id='word_1_333' title='bbox 588 3987 681 4029; x_wconf 85' lang='lat' dir='ltr'>tamen</span> <span class='ocrx_word' id='word_1_334' title='bbox 698 3978 742 4027; x_wconf 75' lang='lat' dir='ltr'>Fa</span> <span class='ocrx_word' id='word_1_335' title='bbox 829 3977 902 4028; x_wconf 86' lang='lat' dir='ltr'>enim</span> <span class='ocrx_word' id='word_1_336' title='bbox 921 3978 1008 4027; x_wconf 78' lang='lat' dir='ltr'>cml&gt;</span> <span class='ocrx_word' id='word_1_337' title='bbox 1097 3978 1126 4026; x_wconf 88' lang='lat'>11</span> <span class='ocrx_word' id='word_1_338' title='bbox 1148 3974 1302 4026; x_wconf 85' lang='lat' dir='ltr'>absolutior</span> 
     </span>
     <span class='ocr_line' id='line_1_37' title="bbox 90 4045 1302 4111; baseline -0.005 -12"><span class='ocrx_word' id='word_1_339' title='bbox 90 4048 161 4099; x_wconf 87' lang='lat' dir='ltr'>mihi</span> <span class='ocrx_word' id='word_1_340' title='bbox 179 4047 327 4098; x_wconf 88' lang='lat' dir='ltr'>uidebatur</span> <span class='ocrx_word' id='word_1_341' title='bbox 344 4047 367 4095; x_wconf 81' lang='lat' dir='ltr'><strong>V</strong></span> <span class='ocrx_word' id='word_1_342' title='bbox 438 4050 470 4098; x_wconf 81' lang='lat'>12</span> <span class='ocrx_word' id='word_1_343' title='bbox 488 4046 563 4098; x_wconf 88' lang='lat' dir='ltr'>tradi</span> <span class='ocrx_word' id='word_1_344' title='bbox 581 4047 625 4097; x_wconf 90' lang='lat' dir='ltr'>his</span> <span class='ocrx_word' id='word_1_345' title='bbox 643 4053 673 4097; x_wconf 90' lang='lat' dir='ltr'>tu</span> <span class='ocrx_word' id='word_1_346' title='bbox 691 4063 758 4111; x_wconf 81' lang='lat' dir='ltr'>rogo</span> <span class='ocrx_word' id='word_1_347' title='bbox 776 4047 858 4095; x_wconf 75' lang='grc' dir='ltr'>ΜΠ)</span> <span class='ocrx_word' id='word_1_348' title='bbox 877 4045 1011 4095; x_wconf 81' lang='lat' dir='ltr'>traditum</span> <span class='ocrx_word' id='word_1_349' title='bbox 1031 4045 1065 4099; x_wconf 83' lang='lat' dir='ltr'>iri</span> <span class='ocrx_word' id='word_1_350' title='bbox 1083 4060 1150 4106; x_wconf 82' lang='lat' dir='ltr'>rogo</span> <span class='ocrx_word' id='word_1_351' title='bbox 1163 4045 1226 4107; x_wconf 78' lang='lat' dir='ltr'>rpr</span> <span class='ocrx_word' id='word_1_352' title='bbox 1244 4049 1302 4094; x_wconf 85' lang='lat' dir='ltr'>tre·</span> 
     </span>
     <span class='ocr_line' id='line_1_38' title="bbox 9 4110 1300 4179; baseline -0.005 -11"><span class='ocrx_word' id='word_1_353' title='bbox 9 4123 12 4129; x_wconf 92' lang='lat'>&#39;</span> <span class='ocrx_word' id='word_1_354' title='bbox 91 4118 180 4168; x_wconf 88' lang='lat' dir='ltr'>ditum</span> <span class='ocrx_word' id='word_1_355' title='bbox 199 4116 234 4165; x_wconf 90' lang='lat' dir='ltr'>iri</span> <span class='ocrx_word' id='word_1_356' title='bbox 251 4115 296 4165; x_wconf 89' lang='lat' dir='ltr'>his</span> <span class='ocrx_word' id='word_1_357' title='bbox 314 4123 346 4165; x_wconf 84' lang='lat' dir='ltr'>tu</span> <span class='ocrx_word' id='word_1_358' title='bbox 364 4130 431 4179; x_wconf 84' lang='lat' dir='ltr'>rogo</span> <span class='ocrx_word' id='word_1_359' title='bbox 450 4116 597 4167; x_wconf 74' lang='lat' dir='ltr'>Celaeneus</span> <span class='ocrx_word' id='word_1_360' title='bbox 615 4115 657 4166; x_wconf 92' lang='lat' dir='ltr'>his</span> <span class='ocrx_word' id='word_1_361' title='bbox 676 4117 750 4165; x_wconf 81' lang='lat' dir='ltr'>tradi</span> <span class='ocrx_word' id='word_1_362' title='bbox 769 4121 799 4164; x_wconf 88' lang='lat' dir='ltr'>tu</span> <span class='ocrx_word' id='word_1_363' title='bbox 817 4129 918 4177; x_wconf 79' lang='lat' dir='ltr'>rogos</span> <span class='ocrx_word' id='word_1_364' title='bbox 987 4110 1149 4179; x_wconf 84' lang='lat' dir='ltr'>scribentis]</span> <span class='ocrx_word' id='word_1_365' title='bbox 1170 4112 1300 4163; x_wconf 85' lang='lat' dir='ltr'>exhiben-</span> 
     </span>
     <span class='ocr_line' id='line_1_39' title="bbox 91 4182 1301 4249; baseline -0.004 -13"><span class='ocrx_word' id='word_1_366' title='bbox 91 4186 163 4236; x_wconf 81' lang='lat' dir='ltr'>tisr</span> <span class='ocrx_word' id='word_1_367' title='bbox 232 4187 263 4234; x_wconf 78' lang='lat'>13</span> <span class='ocrx_word' id='word_1_368' title='bbox 282 4184 489 4234; x_wconf 81' lang='lat' dir='ltr'>accomodesV</span> <span class='ocrx_word' id='word_1_369' title='bbox 559 4188 591 4235; x_wconf 76' lang='lat'>16</span> <span class='ocrx_word' id='word_1_370' title='bbox 609 4184 864 4235; x_wconf 69' lang='lat' dir='ltr'>existimationem</span> <span class='ocrx_word' id='word_1_371' title='bbox 934 4185 965 4234; x_wconf 76' lang='lat'>17</span> <span class='ocrx_word' id='word_1_372' title='bbox 985 4185 1090 4249; x_wconf 66' lang='lat' dir='ltr'>pluriter</span> <span class='ocrx_word' id='word_1_373' title='bbox 1108 4186 1137 4232; x_wconf 88' lang='lat' dir='ltr'>et</span> <span class='ocrx_word' id='word_1_374' title='bbox 1153 4182 1233 4231; x_wconf 73' lang='lat' dir='ltr'>nvn</span> <span class='ocrx_word' id='word_1_375' title='bbox 1252 4196 1301 4246; x_wconf 87' lang='lat' dir='ltr'>pa·</span> 
     </span>
     <span class='ocr_line' id='line_1_40' title="bbox 91 4250 1300 4319; baseline -0.004 -15"><span class='ocrx_word' id='word_1_376' title='bbox 91 4254 216 4319; x_wconf 85' lang='lat' dir='ltr'>riterqne</span> <span class='ocrx_word' id='word_1_377' title='bbox 236 4252 367 4314; x_wconf 79' lang='lat' dir='ltr'>etFpra</span> <span class='ocrx_word' id='word_1_378' title='bbox 454 4255 515 4303; x_wconf 88' lang='lat' dir='ltr'>eius</span> <span class='ocrx_word' id='word_1_379' title='bbox 538 4254 709 4303; x_wconf 86' lang='lat' dir='ltr'>deseruimus</span> <span class='ocrx_word' id='word_1_380' title='bbox 725 4266 762 4314; x_wconf 79' lang='lat' dir='ltr'>pr</span> <span class='ocrx_word' id='word_1_381' title='bbox 849 4254 880 4303; x_wconf 82' lang='lat'>19</span> <span class='ocrx_word' id='word_1_382' title='bbox 905 4252 939 4301; x_wconf 84' lang='lat' dir='ltr'>ad</span> <span class='ocrx_word' id='word_1_383' title='bbox 964 4250 1300 4315; x_wconf 80' lang='lat' dir='ltr'>fastidiumlegentump</span> 
     </span>
     <span class='ocr_line' id='line_1_41' title="bbox 91 4320 1301 4389; baseline -0.002 -17"><span class='ocrx_word' id='word_1_384' title='bbox 91 4321 246 4389; x_wconf 87' lang='lat' dir='ltr'>legentium</span> <span class='ocrx_word' id='word_1_385' title='bbox 264 4320 301 4371; x_wconf 90' lang='lat' dir='ltr'>ad</span> <span class='ocrx_word' id='word_1_386' title='bbox 319 4320 502 4370; x_wconf 81' lang='lat' dir='ltr'>fastidiumll</span> <span class='ocrx_word' id='word_1_387' title='bbox 590 4321 757 4385; x_wconf 85' lang='lat' dir='ltr'>diliciasque</span> <span class='ocrx_word' id='word_1_388' title='bbox 776 4320 798 4367; x_wconf 82' lang='lat' dir='ltr'>V</span> <span class='ocrx_word' id='word_1_389' title='bbox 817 4320 1026 4386; x_wconf 73' lang='lat' dir='ltr'>delitiasquer</span> <span class='ocrx_word' id='word_1_390' title='bbox 1112 4322 1145 4369; x_wconf 76' lang='lat'>‘20</span> <span class='ocrx_word' id='word_1_391' title='bbox 1164 4332 1301 4369; x_wconf 87' lang='lat' dir='ltr'>commen-</span> 
     </span>
     <span class='ocr_line' id='line_1_42' title="bbox 92 4386 1300 4456; baseline -0.002 -16"><span class='ocrx_word' id='word_1_392' title='bbox 92 4390 236 4441; x_wconf 79' lang='lat' dir='ltr'>dationem</span> <span class='ocrx_word' id='word_1_393' title='bbox 255 4389 321 4440; x_wconf 88' lang='lat' dir='ltr'>libri</span> <span class='ocrx_word' id='word_1_394' title='bbox 339 4393 369 4439; x_wconf 85' lang='lat' dir='ltr'>et</span> <span class='ocrx_word' id='word_1_395' title='bbox 386 4388 427 4452; x_wconf 90' lang='lat' dir='ltr'>(et</span> <span class='ocrx_word' id='word_1_396' title='bbox 444 4406 491 4443; x_wconf 84' lang='lat' dir='ltr'>orn.</span> <span class='ocrx_word' id='word_1_397' title='bbox 510 4387 537 4456; x_wconf 84' lang='lat' dir='ltr'>r)</span> <span class='ocrx_word' id='word_1_398' title='bbox 557 4406 591 4441; x_wconf 85' lang='lat' dir='ltr'>ex</span> <span class='ocrx_word' id='word_1_399' title='bbox 610 4391 673 4455; x_wconf 83' lang='lat' dir='ltr'>ipsa</span> <span class='ocrx_word' id='word_1_400' title='bbox 690 4389 884 4439; x_wconf 83' lang='lat' dir='ltr'>mediocritate</span> <span class='ocrx_word' id='word_1_401' title='bbox 903 4387 1096 4454; x_wconf 80' lang='lat' dir='ltr'>(mediocriter</span> <span class='ocrx_word' id='word_1_402' title='bbox 1107 4392 1131 4451; x_wconf 90' lang='lat' dir='ltr'>r)</span> <span class='ocrx_word' id='word_1_403' title='bbox 1150 4386 1300 4452; x_wconf 84' lang='lat' dir='ltr'>petendam</span> 
     </span>
     <span class='ocr_line' id='line_1_43' title="bbox 90 4455 1300 4524; baseline -0.002 -15"><span class='ocrx_word' id='word_1_404' title='bbox 90 4459 146 4523; x_wconf 68' lang='lat' dir='ltr'>pr?</span> <span class='ocrx_word' id='word_1_405' title='bbox 217 4467 246 4510; x_wconf 89' lang='lat' dir='ltr'>et</span> <span class='ocrx_word' id='word_1_406' title='bbox 263 4474 310 4509; x_wconf 72' lang='lat' dir='ltr'>orn.</span> <span class='ocrx_word' id='word_1_407' title='bbox 329 4458 374 4514; x_wconf 70' lang='grc' dir='ltr'>Ἐς</span> <span class='ocrx_word' id='word_1_408' title='bbox 443 4460 476 4508; x_wconf 76' lang='lat'>‘2⁸2</span> <span class='ocrx_word' id='word_1_409' title='bbox 494 4458 673 4524; x_wconf 86' lang='lat' dir='ltr'>implerisque</span> <span class='ocrx_word' id='word_1_410' title='bbox 690 4458 718 4506; x_wconf 80' lang='grc'>11</span> <span class='ocrx_word' id='word_1_411' title='bbox 786 4460 820 4508; x_wconf 75' lang='lat'>‘24</span> <span class='ocrx_word' id='word_1_412' title='bbox 837 4459 1042 4524; x_wconf 84' lang='lat' dir='ltr'>refringeturp</span> <span class='ocrx_word' id='word_1_413' title='bbox 1103 4455 1300 4521; x_wconf 87' lang='lat' dir='ltr'>discriptiones</span> 
     </span>
     <span class='ocr_line' id='line_1_44' title="bbox 91 4521 1299 4591; baseline -0.004 -13"><span class='ocrx_word' id='word_1_414' title='bbox 91 4528 149 4578; x_wconf 71' lang='lat' dir='ltr'>IV</span> <span class='ocrx_word' id='word_1_415' title='bbox 235 4529 268 4579; x_wconf 78' lang='lat'>‘27</span> <span class='ocrx_word' id='word_1_416' title='bbox 285 4527 392 4578; x_wconf 80' lang='lat' dir='ltr'>laetius</span> <span class='ocrx_word' id='word_1_417' title='bbox 409 4527 491 4576; x_wconf 72' lang='grc' dir='ltr'>ΠΙ)</span> <span class='ocrx_word' id='word_1_418' title='bbox 510 4527 597 4581; x_wconf 83' lang='lat' dir='ltr'>letius</span> <span class='ocrx_word' id='word_1_419' title='bbox 614 4528 678 4591; x_wconf 69' lang='grc' dir='ltr'>ηπ</span> <span class='ocrx_word' id='word_1_420' title='bbox 695 4525 799 4577; x_wconf 87' lang='lat' dir='ltr'>lautius</span> <span class='ocrx_word' id='word_1_421' title='bbox 817 4542 835 4576; x_wconf 77' lang='lat' dir='ltr'>a</span> <span class='ocrx_word' id='word_1_422' title='bbox 897 4527 1072 4578; x_wconf 70' lang='lat' dir='ltr'>»rationisr</span> <span class='ocrx_word' id='word_1_423' title='bbox 1145 4521 1299 4589; x_wconf 83' lang='lat' dir='ltr'>severitas]</span> 
     </span>
     <span class='ocr_line' id='line_1_45' title="bbox 91 4596 398 4662; baseline -0.013 -13"><span class='ocrx_word' id='word_1_424' title='bbox 91 4596 217 4649; x_wconf 74' lang='lat' dir='ltr'>fscmltus</span> <span class='ocrx_word' id='word_1_425' title='bbox 233 4608 291 4662; x_wconf 60' lang='grc' dir='ltr'>υς,</span> <span class='ocrx_word' id='word_1_426' title='bbox 310 4612 357 4650; x_wconf 81' lang='lat' dir='ltr'>om.</span> <span class='ocrx_word' id='word_1_427' title='bbox 376 4598 398 4646; x_wconf 81' lang='lat' dir='ltr'>n</span> 
     </span>
    </p>
   </div>
   <div class='ocr_carea' id='block_1_7' title="bbox 0 0 1476 4966">
    <p class='ocr_par' dir='ltr' id='par_1_8' title="bbox 0 0 1476 4966">
     <span class='ocr_line' id='line_1_46' title="bbox 0 0 1476 4966; baseline 0 0"><span class='ocrx_word' id='word_1_428' title='bbox 0 0 1476 4966; x_wconf 95' lang='lat' dir='ltr'> </span> 
     </span>
    </p>
   </div>
  </div>
 </body>
</html>
