2934 4966
174 272 220 321 XI,
671 266 882 317 saturante.

172 435 243 494 lulis
264 436 388 492 nostrae
411 426 724 489 MDCCCCLXVIII.
748 427 846 488 Paulo
860 423 939 488 .11⁰.
963 427 1089 490 Ranae.
1106 436 1195 507 pont.
1218 444 1302 490 max.
1327 444 1381 489 co·

173 531 234 595 dex
266 528 433 613 eleganter
472 529 504 590 et
531 530 681 591 accurate
709 525 864 611 scriptus,
893 546 956 609 qua
984 530 1052 591 arte
1081 532 1162 593 tunc
1195 525 1380 623 Plorantini

172 630 296 698 librarii
317 627 508 711 utebantur,
534 631 567 692 et
588 628 725 712 picturis
747 630 881 693 ornatus
903 630 962 692 est.
1000 631 1075 712 post
1089 629 1228 714 primam
1243 629 1382 714 scriptu·

172 755 242 797 ram
275 751 378 816 pauca
392 761 395 765 ’
411 734 553 796 correcta
586 734 688 820 sunt,
713 753 731 796 e
758 731 874 815 quibus
902 730 1059 815 quaedam
1086 730 1229 796 eiusdem
1249 731 1378 796 librarii

88 820 91 827 ¹
175 856 307 900 manum
339 833 458 898 referre
496 835 662 918 videntur,
706 833 863 918 quaedum
896 833 961 898 alia
998 854 1098 900 manu
1135 833 1261 917 scripta
1289 838 1379 899 aunt

173 937 270 1004 alium
304 936 446 1002 codicem
469 934 749 1021 Sulisburgansem
782 935 823 1000 ab
850 934 912 1014 hoc
939 935 1117 1019 dicerem,
1150 955 1239 1000 nunc
1271 934 1405 1020 ipsum..

172 1061 297 1127 quoque
318 1037 617 1114 Vindobonenscm·
632 1038 717 1122 apud
744 1037 978 1103 Eudli'cherum
999 1038 1022 1102 l.
1047 1059 1075 1103 c.
1104 1060 1136 1122 p.
1163 1037 1234 1123 137,
1262 1036 1381 1103 habuit

172 1142 383 1210 Schwarzius.
408 1139 506 1204 codex
529 1139 787 1206 Monacensis
808 1139 872 1205 309
895 1140 998 1205 chart.
1020 1139 1056 1205 4:
1081 1141 1122 1205 cf.
1139 1139 1279 1227 catalog.
1304 1141 1378 1206 cod.

172 1246 228 1311 lat.
251 1243 330 1310 bibl.
353 1263 422 1328 reg.
446 1242 573 1307 Monac.
598 1241 614 1306 Ι
638 1247 654 1307 1
678 1265 711 1327 p.
733 1243 786 1308 bd.
826 1242 860 1307 iu
888 1243 949 1308 hoc
978 1262 1103 1326 qnoque
1133 1263 1237 1326 pauca
1264 1246 1381 1328 postea

171 1348 315 1414 correcta
336 1347 429 1427 suut,
453 1365 513 1408 nec
538 1347 625 1409 certo
647 1345 765 1429 ubique
781 1349 928 1429 apparet,
951 1343 1028 1429 quid
1051 1343 1221 1410 abeodem
1241 1344 1380 1420 librario

170 1452 365 1530 correctum,
389 1447 466 1531 quid
488 1449 600 1531 postea
621 1446 768 1511 additum
790 1448 844 1512 sit.
878 1468 954 1511 usus
978 1450 1029 1511 est
1050 1466 1088 1510 eo
1103 1445 1284 1511 Gronovius
1305 1446 1393 1525 obs..

169 1551 217 1618 lV
242 1551 291 1616 16.
326 1549 425 1615 codex
459 1548 790 1615 Oaroliruhensis
823 1549 901 1615 olim
933 1547 1143 1614 Durlacensis
1165 1547 1207 1614 36
1238 1548 1377 1615 membr.

169 1656 200 1719 4.
224 1654 288 1720 fuit
302 1652 379 1717 olim
396 1650 589 1736 Schwarzii3
611 1655 724 1737 postea
739 1653 778 1717 ad
795 1651 965 1717 h'loerlium
979 1649 1288 1737 Norimbergensem
1304 1673 1381 1718 eum

169 1757 402 1822 delatumesse
425 1753 539 1819 scribit
560 1753 712 1840 laegerus
747 1757 782 1820 in
815 1755 1018 1840 praefatione
1046 1774 1124 1818 suae
1145 1753 1298 1819 editionis
1320 1776 1378 1840 pa-

171 1858 407 1944 negyricorum.
431 1855 466 1920 hi
477 1855 552 1920 libri
567 1877 679 1921 omnes
701 1879 774 1922 cum
796 1855 929 1941 reliquis
944 1856 1152 1942 panegyricis
1169 1856 1379 1922 coniunctam

170 1961 293 2027 habent
314 1959 414 2024 Plinii
436 1959 627 2023 orationem.
666 1959 764 2024 codex
786 1961 1050 2045 Augustanus
1080 1958 1298 2025 bibliothecae
1319 1981 1380 2046 pu-

168 2063 273 2129 blicae
303 2061 363 2126 118
400 2059 503 2125 chart.
540 2059 597 2124 fol.
636 2082 665 2125 a.
696 2060 779 2125 1466
816 2061 966 2145 scriptus.
1026 2061 1174 2127 eontinet
1209 2060 1379 2128 h'rancisci

169 2165 299 2232 Aretini
335 2164 480 2248 scripta,
519 2161 635 2227 deinde
662 2161 768 2227 Plinii
804 2163 1016 2247 epistularum
1051 2162 1151 2228 libros
1188 2167 1262 2229 octo
1273 2213 1283 2249 ,
1321 2185 1380 2249 pa·

169 2267 359 2354 negyricum
371 2316 380 2350 ,
417 2265 535 2329 librum
558 2265 597 2330 de
631 2267 708 2330 viris
741 2265 936 2350 illustribus,
965 2267 1020 2351 qui
1047 2270 1118 2331 tum
1150 2265 1249 2353 vulgo
1277 2263 1380 2331 Plinii

168 2372 300 2452 nomine
327 2368 504 2453 inscriptus
531 2367 707 2432 ferebatur.
744 2370 779 2432 in
813 2369 878 2434 fine
909 2368 1028 2434 codicis
1054 2390 1159 2434 annus
1188 2389 1284 2454 quem
1310 2367 1380 2433 dixi

169 2472 368 2556 subscriptus
406 2474 471 2553 est,
511 2476 581 2535 laus
613 2476 670 2536 deo
704 2478 903 2552 orariipotentr'
946 2482 1036 2536 1466.
1072 2472 1172 2536 codex
1208 2469 1380 2536 Medio·

169 2574 351 2640 lanensis
374 2572 587 2637 bibliothecae
611 2571 809 2658 Braydcnsis
833 2578 873 2638 A.
890 2573 931 2639 D.
956 2572 1036 2639 XIV
1057 2573 1110 2638 40.
1134 2575 1167 2656 4,
1196 2571 1274 2638 olim
1297 2571 1381 2639 ‘Mo-

169 2675 346 2741 nachorum
370 2674 633 2768 congregationis
656 2679 788 2740 sanctae
816 2675 961 2740 lustiuae
989 2675 1028 2739 de
1060 2675 1190 2760 padua'.
1230 2675 1380 2742 continet

169 2778 402 2864 panegyricum
430 2775 539 2840 Plinii.
576 2777 801 2862 apographum
829 2778 896 2842 eius
923 2783 1011 2861 tum,
1040 2800 1113 2843 cum
1141 2777 1267 2843 Patavii
1295 2781 1379 2862 crat,

170 2881 295 2946 factum
317 2879 433 2946 habuit
455 2876 666 2943 Schwarzius.
705 2878 902 2944 Vaticanum
926 2879 1068 2944 codicem
1089 2901 1142 2944 rue
1164 2883 1303 2966 rogante
1326 2901 1381 2944 ex·

80 3049 83 3054 .
172 2985 273 3050 cussit
295 2982 543 3047 Wilmannsius.
582 2981 862 3047 Caroliruhensem
885 2983 935 3047 bis
952 2982 1104 3048 collatum
1119 2983 1219 3048 habui
1243 2976 1380 3048 aFran·

171 3086 256 3152 ciaco
278 3085 503 3170 Eyssenhardt
530 3088 563 3148 et
591 3084 632 3148 ab
661 3084 796 3149 Allrcdo
824 3084 963 3169 Holder,
994 3087 1049 3170 qui
1078 3107 1149 3151 cnm
1178 3085 1380 3152 audivissent

135 3241 138 3247 .
169 3210 221 3252 me
243 3209 360 3252 novam
383 3187 558 3252 editionem
580 3208 712 3271 parare,
736 3187 914 3252 liberaliter
929 3188 1063 3253 schedas
1084 3210 1160 3253 suas
1183 3187 1223 3252 ad
1246 3209 1298 3252 me
1319 3191 1382 3254 mi·

170 3294 292 3355 serunt.
316 3289 455 3374 reliquos
478 3289 597 3375 partim
620 3291 706 3355 domi
729 3290 906 3375 habebam,
930 3292 1006 3356 dum
1023 3291 1121 3357 editio
1136 3294 1283 3376 paratur,
1305 3312 1401 3375 parr

65 3480 69 3490 Ι
168 3391 229 3456 tim
251 3392 443 3477 scripturam
465 3393 543 3457 olim
565 3413 796 3476 excerpseram.
892 3418 894 3422 ·

256 3493 319 3574 Sed
341 3516 446 3580 neque
467 3495 503 3559 in
526 3495 576 3559 his
599 3494 692 3560 libris
715 3517 794 3580 quos
817 3497 883 3561 dixi
899 3519 1003 3581 neque
1025 3497 1061 3561 in
1084 3496 1173 3581 aliis,
1197 3520 1278 3584 quoa
1301 3503 1384 3566 ante

170 3619 221 3662 me
244 3597 382 3664 editores
411 3601 665 3683 usurpaverunt,
696 3620 734 3662 ea
761 3600 824 3664 fide
850 3601 968 3664 veteris
997 3598 1189 3684 exemplaris
1217 3601 1384 3687 scriptura

107 3786 108 3789 Ἴ
171 3722 322 3786 expressa
344 3705 410 3784 est,
434 3704 471 3766 ut
494 3700 534 3765 ad
558 3722 628 3765 eam
644 3701 905 3787 investigandam
928 3723 1010 3766 unus
1034 3702 1151 3787 aliquis
1175 3707 1298 3769 certum
1322 3705 1383 3771 du·

171 3825 240 3868 cem
273 3825 308 3869 se
340 3804 506 3889 praebeat.
544 3825 621 3868 nam
651 3825 723 3868 cum
745 3825 804 3888 pro
826 3825 915 3869 more
948 3803 1035 3868 illius
1068 3805 1204 3890 aetatis,
1239 3809 1385 3891 quaein

170 3907 368 3992 corrigendis
397 3907 488 3971 libris
516 3929 615 3971 mann
644 3907 774 3991 scriptis
796 3907 1003 3973 temerariam
1032 3906 1219 3993 plerumque
1247 3929 1385 3993 operam

171 4009 364 4094 collocabat,
388 4009 498 4074 statim
521 4012 595 4093 post
618 4008 808 4092 inventum,
829 4014 865 4074 ut
880 4010 1024 4094 videtur,
1049 4009 1259 4096 archetypum
1275 4012 1386 4079 multa

169 4113 204 4176 in
227 4117 335 4177 vetere
356 4112 496 4177 lectione
518 4115 643 4194 mutata
665 4117 789 4196 essent,
813 4133 871 4196 per
886 4112 996 4176 omnia
1011 4113 1202 4200 apographa
1225 4135 1385 4182 unacum

169 4214 318 4299 plurimis
340 4215 544 4280 librariorum
567 4215 728 4279 erroribus
751 4216 850 4279 etiam
867 4215 1071 4280 coniecturae
1087 4217 1253 4282 doctorum
1275 4217 1385 4283 homi·

170 4340 248 4384 num
271 4322 470 4405 propagatae
487 4321 572 4382 sunt.
604 4319 785 4382 accuratius
807 4321 918 4382 tamen
939 4340 1036 4402 quam
1057 4320 1197 4404 reliquos
1220 4318 1385 4404 scriptum

170 4421 280 4487 inveni
302 4421 498 4487 Vaticanum
523 4420 678 4505 codicem,
701 4443 894 4506 quamquam
923 4444 963 4485 ne
986 4422 1014 4485 is
1043 4422 1170 4506 quidem
1199 4422 1287 4487 omni
1311 4423 1383 4490 Ita·

169 4523 273 4590 lorum
295 4524 543 4611 interpolatione
566 4528 671 4590 vacat.
710 4525 797 4592 hunc
813 4523 1132 4590 Wolfcnbuttelauus
1155 4525 1200 4589 ita
1221 4525 1384 4619 sequitur,
