2934 4966
539 331 786 388 annueramus
808 329 849 380 29.
871 328 913 380 30.
935 327 978 380 31-.
1302 320 1363 386 341
1431 366 1434 371 .

159 491 254 578 quasi
272 511 450 577 numquam
478 516 606 561 cessura
633 493 783 559 certaret.
819 488 902 555 haec
929 489 1065 574 inopina
1091 489 1238 558 siccitate
1264 507 1381 579 usque·

106 622 109 627 >
160 594 202 659 ad
223 592 375 660 iniuriam
389 597 571 664 sterilitatis
586 595 726 681 exaruit,
749 594 826 681 quia
847 590 940 679 piger
955 591 1051 658 Nilus
1067 582 1260 661 cunctanter
1275 596 1367 663 alveo

160 717 230 762 sese
252 716 290 762 ac
312 695 467 785 languide
489 701 666 784 extulerat,
695 696 886 785 ingentibus
908 694 963 760 ille
986 695 1116 782 quidem
1137 700 1217 764 tunc
1239 721 1366 787 quoqne

122 786 137 873 ,⁸
159 797 365 887 fluminibus,
394 794 581 868 fluminibus
607 806 718 869 tamen
754 798 980 867 conferendus.
1028 799 1107 867 hinc
1138 823 1216 886 pars
1243 825 1366 890 magna

131 903 319 970 sterrarum
340 904 446 992 mergi
467 905 675 992 repararique
698 925 793 970 amne
821 905 976 969 consueta
1005 903 1072 968 alto
1099 903 1232 990 pulvere
1253 905 1366 973 incan-

159 1003 240 1071 duit.
276 1004 399 1073 frustra
420 1011 499 1075 tunc
522 1010 693 1096 Aegyptus
714 1007 827 1073 nubila
848 1006 976 1093 optavit
1005 1005 1192 1093 caelumque
1213 1010 1365 1096 respexit,

160 1130 234 1174 cnm
255 1108 325 1196 ipse
346 1111 558 1178 fecunditatis
576 1134 698 1202 parens
721 1111 919 1177 contractior
946 1113 980 1176 et
1008 1109 1122 1177 exilior
1149 1109 1251 1183 isdem
1272 1112 1365 1202 uber·

107 1267 108 1270 ,
158 1213 261 1277 tatem
284 1212 353 1278 eius
376 1215 456 1304 anni
477 1215 638 1301 augustiis
660 1213 777 1301 quibus
792 1213 1027 1279 abundantiam
1050 1218 1142 1278 suam
1158 1207 1365 1282 cohibuisset.

158 1336 264 1401 neque
286 1315 374 1381 enim
389 1308 491 1383 solum
506 1339 609 1404 vagus
631 1317 703 1402 ille,
728 1314 806 1383 eum¹
817 1315 1028 1402 expanditur,
1053 1315 1158 1382 amnis
1172 1314 1261 1381 intra
1275 1303 1366 1383 naurs

119 1438 145 1480 ιο
158 1421 239 1505 pata
261 1440 388 1504 semper
410 1420 540 1491 collium
555 1420 747 1487 substiterat
761 1421 857 1505 atque
872 1421 1038 1504 haeserat,
1062 1418 1118 1484 sed
1133 1419 1251 1505 supino
1266 1419 1365 1487 etiam
1380 1424 1384 1438 “
1433 1436 1435 1438 ’

146 1521 198 1586 ¹ac
220 1521 380 1608 detinenti
403 1523 471 1588 solo
491 1545 559 1589 non
580 1522 709 1609 placido
731 1545 766 1588 se
787 1521 940 1608 mollique
967 1521 1061 1607 lapsu
1083 1522 1234 1609 refugum
1257 1522 1366 1593 abstu-

157 1623 243 1690 lerat
269 1625 408 1690 necdum
430 1625 510 1691 satis
536 1627 685 1693 umentes
713 1628 818 1690 terres
846 1624 1014 1690 addiderat
1042 1624 1220 1711 arentibus.
1263 1628 1367 1715 igitur

158 1726 390 1813 inundatione,
413 1726 446 1792 id
469 1731 519 1793 est
539 1727 704 1814 ubertate,
733 1725 824 1814 regio
845 1725 999 1792 fraudate
1027 1727 1074 1793 sic
1101 1749 1196 1813 opem
1218 1726 1365 1797 Caesaris

157 1830 338 1913 inuocauit,
367 1833 406 1895 ut
433 1831 516 1920 solet
543 1852 672 1897 amnem
699 1851 808 1914 suum.;
836 1851 899 1895 nee
925 1829 1055 1916 longius
1082 1827 1131 1894 illi
1159 1829 1366 1899 adversorum

116 1950 144 1993 ιο
157 1932 222 1998 fuit
243 1932 402 2019 spatium,
426 1955 524 2019 quam
546 1934 621 1999 dum
643 1933 785 1999 nuntiat.
821 1935 892 1998 tam
914 1932 1021 2017 velox,
1051 1931 1186 2019 Caesar,
1216 1935 1367 2021 potentia

156 2039 216 2102 tua
238 2039 289 2102 est
309 2039 442 2120 tamque
462 2035 499 2101 in
521 2035 630 2102 omnia
651 2036 775 2123 pariter
796 2019 926 2101 intenta
947 2035 1076 2102 bonitas
1099 2039 1132 2101 et
1147 2037 1306 2124 accincta,
1329 2042 1366 2105 ut

157 2140 283 2205 tristius
306 2137 426 2224 aliquid
448 2138 577 2204 saeculo
599 2143 655 2204 tuo
677 2139 782 2225 passis
805 2137 846 2203 ad
861 2137 1038 2204 remedium
1053 2138 1259 2226 salutemque
1276 2140 1365 2206 suffi-

158 2242 225 2308 ciat
245 2245 283 2307 ut
303 2241 398 2308 sciar.
435 2237 585 2308 omnibus
608 2239 754 2329 equidem
775 2242 930 2328 gentibus
958 2242 1083 2309 fertiles
1110 2264 1215 2308 annos
1237 2244 1412 2329 gratas-31

158 2366 219 2433 que
240 2349 344 2429 terras
365 2366 496 2433 precor:
519 2345 708 2411 crediderim
733 2348 846 2410 tumen
873 2368 932 2432 per
957 2345 1046 2412 hune
1068 2345 1215 2434 Aegypti
1244 2349 1365 2413 statum

117 2450 231 2514 eotuas
251 2436 419 2513 fortunam
440 2447 525 2513 vires
553 2449 692 2533 experiri
720 2449 874 2534 tuamque
901 2448 1107 2535 vigilantiam
1136 2452 1284 2534 spectare
1310 2470 1365 2516 uo·

155 2550 265 2616 luisse.
303 2572 381 2615 nam
404 2571 478 2616 cum
499 2548 609 2618 onmia
624 2550 749 2635 ubique
772 2550 913 2616 secunda
935 2550 1105 2636 merearis,
1128 2574 1239 2618 nonne
1260 2552 1364 2617 mani-

155 2653 276 2719 festum
299 2656 364 2739 est,
386 2652 491 2740 siquid
514 2652 640 2717 adversi
663 2651 773 2736 cadat,
797 2653 862 2717 tuis
883 2644 1032 2719 laudibus
1047 2655 1175 2740 tuisque
1189 2654 1363 2721 virtutibus

155 2755 327 2822 materiam
350 2776 560 2841 campumque
582 2754 779 2840 praesterui,
812 2770 885 2819 cum
908 2757 1049 2822 secunda
1069 2757 1199 2842 felices,
1229 2757 1364 2824 adversa

155 2880 293 2945 magnos
319 2858 483 2946 probent?
514 2857 760 2944 percrebruerat
782 2857 961 2944 antiquitus
989 2860 1101 2926 urbem
1129 2863 1276 2927 nostram
1298 2858 1362 2926 nisi

225 3260 239 3308 1
258 3255 329 3307 haec
348 3256 464 3322 inopina
481 3257 521 3311 be
539 3255 610 3308 haec
630 3256 725 3322 inopia
744 3255 759 3318 β
777 3257 837 3307 Nec
856 3255 975 3320 inopina
990 3256 1035 3305 Ad
1057 3256 1112 3309 hac
1130 3258 1260 3325 inopiae
1346 3261 1363 3310 2

156 3327 191 3378 ad
209 3321 340 3376 iniuriam
357 3326 400 3376 Ao
418 3325 448 3375 iu
466 3325 596 3375 iniuriam
614 3327 635 3374 B
654 3326 682 3375 in
700 3326 807 3375 indiam·
817 3327 839 3374 u
909 3330 1056 3376 contanter
1072 3328 1097 3376 A
1165 3323 1362 3393 „tingentibus

156 3423 185 3433 -
207 3392 329 3462 quoque]
349 3393 512 3460 ingentibus
532 3395 644 3459 quidem
656 3393 799 3459 (superscr.
818 3396 845 3443 ul
870 3409 934 3442 marr.
951 3394 1069 3459 quoque)
1089 3399 1155 3446 tune
1176 3396 1287 3460 quidem
1305 3395 1362 3448 nile

154 3463 178 3514 A
196 3463 364 3529 ingentibus·
377 3476 488 3528 quoque
506 3468 572 3514 tune
597 3463 706 3528 quidem
728 3460 828 3514 Nilea
850 3461 1010 3526 ingentibus
1033 3463 1143 3528 quidem
1166 3476 1278 3535 quoque
1294 3471 1362 3515 tune
1399 3479 1402 3484 ’

152 3532 235 3584 illeB
251 3532 413 3599 ingentibus
432 3531 542 3597 quidem
561 3537 626 3582 tune
645 3538 751 3598 quoque
770 3530 818 3581 ille
830 3533 846 3580 d
858 3530 1019 3595 ingentibus
1039 3546 1145 3597 quoque
1163 3537 1236 3583 tunc·
1249 3533 1362 3598 quidem

152 3601 201 3653 ille
219 3613 258 3658 ος
327 3600 516 3652 lfluminibus
533 3600 692 3650 fluminibus
709 3605 805 3650 tamen
824 3598 1006 3650 conferendus
1024 3600 1072 3648 AB
1090 3600 1249 3652 fluminibus
1267 3607 1361 3652 tumen

153 3668 339 3722 conferendus
357 3670 374 3718 d
391 3669 550 3719 fluminibus
570 3669 755 3721 conferendae
773 3681 810 3725 ος
900 3668 1022 3732 tmorgi
1040 3669 1221 3734 repararique
1240 3684 1321 3720 amne
1338 3668 1362 3719 A

155 3754 279 3804 mergere
297 3739 447 3805 pararique
467 3753 547 3790 amne
566 3738 582 3787 d
600 3754 726 3804 mergere
744 3738 860 3804 parique
880 3736 999 3786 amnoll
1023 3751 1147 3803 mergere
1166 3738 1267 3802 parari·
1279 3753 1361 3788 amno

153 3823 168 3859 ο
181 3808 268 3874 mergi
281 3807 392 3873 palanti
411 3822 492 3858 amne
510 3809 596 3858 codex
608 3805 813 3874 Suluburpensir
825 3805 966 3856 Sclrwarzr'r'
977 3816 994 3859 ς
1012 3805 1100 3871 mergi
1112 3805 1292 3871 repararique
1311 3822 1359 3871 pa·

153 3877 226 3927 tanti
245 3890 326 3926 amne
346 3875 476 3926 docueras
544 3873 703 3942 incanduit]
722 3875 811 3926 induit
827 3877 851 3925 A
920 3869 1263 3940 6t11nc]tumAtarnen
1280 3889 1297 3923 u

153 3949 170 3998 7
189 3945 345 3999 ubertatem
365 3945 426 4002 eius
445 3945 513 4006 anni
530 3945 702 4011 angustiiss
719 3944 858 3995 ubertatis
872 3942 932 3993 cius
951 3942 1017 3992 anni
1030 3944 1167 4008 augustiis
1179 3946 1202 3993 A
1220 3943 1360 3995 ubertatis

154 4016 215 4067 eius
232 4012 372 4080 angustiis
389 4013 452 4062 lod
520 4014 658 4079 8quibus
676 4008 972 4064 ad‘abundantiamA
1050 4011 1163 4063 9solus
1183 4011 1208 4076 β,
1226 4026 1297 4063 corr.
1315 4026 1360 4062 so·

152 4085 208 4136 lum
226 4084 242 4132 b
295 4097 357 4131 cum
375 4081 544 4147 expanditur
562 4083 651 4133 amnis
662 4083 691 4133 'A
709 4080 882 4147 expandatur
899 4079 989 4128 amuis
1007 4080 1028 4127 B
1046 4080 1258 4146 expandebatur
1270 4081 1360 4131 amnis

153 4150 323 4219 dexpandit
342 4153 370 4201 et
389 4150 478 4200 amnis
496 4165 510 4199 u
528 4151 694 4216 expanditur
712 4152 801 4200 amnis
820 4160 837 4203 ς
906 4150 940 4198 10
962 4162 1067 4214 semper
1084 4165 1131 4200 om.
1148 4150 1192 4198 Ao
1261 4150 1293 4198 11
1312 4148 1360 4200 de·

152 4217 264 4287 tinenti]
283 4219 416 4271 clementi
433 4234 450 4268 u
519 4234 575 4268 non
593 4231 676 4274 ome
744 4217 854 4282 lapsum
872 4233 943 4268 corr.
960 4218 1064 4268 —snb
1133 4217 1298 4282 refugiumo
1316 4233 1358 4268 re·

152 4289 278 4342 iusumd
348 4290 380 4338 12
398 4293 425 4337 et
442 4287 559 4338 necdum
577 4290 650 4354 oulqo
668 4286 841 4350 necdumque
861 4286 991 4337 Liuineius
1070 4288 1102 4337 13
1120 4286 1150 4336 id
1170 4283 1225 4352 est]
1243 4284 1358 4336 idemA
1440 4325 1441 4328 ,

222 4354 363 4424 fraudata]
385 4356 504 4407 fundata
521 4358 544 4405 A
615 4357 648 4408 15
666 4359 715 4405 tua
733 4355 859 4421 potentia
877 4355 899 4403 A
987 4357 1019 4405 17
1040 4352 1144 4421 passis]
1163 4353 1290 4420 possisb

151 4430 332 4494 respectare
351 4440 366 4476 ο
385 4430 533 4491 expectare
551 4426 621 4474 ΔΜ
640 4429 777 4476 ostentare
798 4425 967 4488 cuspinianus
990 4424 1113 4489 spectari
1132 4423 1238 4488 Lipsius
1324 4425 1356 4474 21

151 4496 246 4547 omnia
263 4496 367 4562 ubique
384 4493 508 4546 secunda
524 4495 590 4549 Βᾱς
608 4495 701 4547 omnia
719 4492 844 4546 secunda
861 4492 965 4557 ubique
982 4494 1025 4542 Ac
1086 4487 1233 4559 merearis]
1253 4492 1358 4543 tuearis

151 4578 167 4614 a
287 4567 320 4617 ‘23
346 4564 504 4632 praesterni
526 4564 632 4630 Lipsius
657 4564 797 4631 prosterni
821 4562 926 4614 auor:
955 4562 989 4624 cs.
1009 4577 1051 4628 ep.
1074 4561 1100 4611 V
1115 4563 1132 4613 8
1149 4567 1219 4612 extr.
1324 4562 1359 4612 24

149 4649 253 4702 magno
269 4636 286 4687 b
