2934 4966
144 200 147 206 Ι
171 245 237 313 380
699 257 731 308 c.
754 258 850 309 emur

171 412 401 483 summovenda
429 412 588 498 adulatio,
623 414 679 481 sed
706 435 775 480 non
800 414 984 503 reducenda
1013 417 1072 480 est.
1116 416 1249 481 certum
1279 415 1331 480 est
1357 417 1389 479 et

171 538 253 605 quae
274 516 382 582 facere
405 518 542 602 atquae
563 517 705 584 debeant
726 517 848 603 audire,
872 518 899 584 si
919 518 1057 584 faciant
1101 517 1180 603 quid
1209 524 1305 584 nunc
1328 538 1387 605 ego

171 641 268 706 super
289 640 328 685 ea
349 641 431 705 quae
453 641 525 685 sum
548 641 620 686 cum
640 623 848 687 toto-senatu
869 623 1021 707 precatus
1041 640 1101 706 pro
1115 623 1240 687 senatu
1261 642 1385 706 precer,

171 723 235 788 nisi
257 725 294 787 ut
314 722 446 788 haereat
467 722 576 788 animo
596 726 653 789 tuo
675 723 829 811 gaudium
857 724 941 810 quod
969 726 1049 788 tune
1076 721 1178 788 oculis
1201 723 1384 808 protulisti,

172 847 260 890 ames
281 824 370 890 illum
395 825 481 890 diem
502 829 535 891 et
556 827 817 910 tamensium,
839 847 925 893 nova
948 825 1118 910 merearis,
1141 847 1233 891 nova
1248 826 1405 893 audierit

121 928 284 995 isaacem
307 929 394 994 enim
417 928 479 994 dici
502 928 566 994 nisi
580 928 794 994 facta...non
811 932 957 1015 possunt.
990 929 1057 994 iam
1077 951 1174 1015 quam
1198 930 1384 1016 antiquum,

172 1054 268 1119 quam
291 1033 475 1116 consulare,
504 1030 590 1117 quod
616 1030 758 1097 triduum
779 1035 884 1097 totum
905 1034 1038 1098 senatus
1065 1031 1125 1096 sub
1153 1030 1311 1118 exemplo
1338 1033 1383 1098 tui

171 1135 271 1218 sedit,
301 1156 374 1200 oum
395 1133 521 1199 interca
542 1131 626 1198 nihil
646 1138 777 1218 praeter
806 1133 971 1200 consulem
998 1135 1128 1220 ageres!
1162 1134 1384 1222 interrogarit

171 1238 305 1323 quisque
334 1235 418 1322 quod
446 1235 815 1321 placuit...dissentire,
848 1236 1011 1302 discedere
1050 1238 1084 1301 et
1111 1237 1244 1323 copiam
1270 1237 1382 1305 iudicii

173 1340 223 1405 sui
244 1339 291 1404 rei
311 1338 461 1424 publicae
481 1337 600 1404 facere.
639 1339 780 1405 consulti
806 1360 918 1405 omnes
940 1340 1037 1426 atque
1059 1338 1158 1404 etiam
1180 1339 1383 1407 dinumerati
1392 1360 1410 1400 u

101 1511 103 1515 ,
172 1462 298 1525 sumus,
321 1440 463 1527 vicitque
484 1440 648 1506 sententia
669 1463 736 1507 non
751 1441 872 1528 prima,
896 1441 953 1508 sed
966 1441 1091 1533 melior.
1128 1444 1166 1508 at
1186 1443 1272 1529 quis·
1286 1447 1382 1509 autea

173 1543 270 1630 loqui,
293 1543 365 1630 quis
387 1541 513 1609 hiscere
535 1542 675 1609 audebat
695 1547 825 1629 praeter
838 1544 973 1629 miseros
994 1544 1067 1609 illos
1083 1544 1137 1631 qui
1157 1546 1260 1631 primi
1283 1546 1381 1629 inter·

98 1666 103 1671 ·
172 1646 395 1734 rogabantur?
418 1647 517 1712 ceteri
539 1645 669 1732 quidem
686 1645 786 1712 'defixi
808 1650 842 1713 et
860 1647 992 1718 attoniti
1012 1647 1120 1732 ipsam
1140 1646 1235 1714 illam
1254 1644 1380 1732 mutam

172 1771 210 1815 ac
223 1750 447 1816 sedentariam
469 1747 671 1815 adsentiendi
698 1749 930 1820 necessitatem,
946 1757 1009 1835 quo
1037 1770 1108 1840 oum
1131 1748 1379 1837 dolorejanimi,

171 1874 234 1938 quo
258 1874 330 1917 cum
351 1852 451 1917 totius
474 1852 615 1937 corporis
643 1850 775 1918 horrore
802 1852 1083 1939 perpetiebantur!
1113 1874 1200 1924 ¹unus
1227 1853 1408 1941 solusquea

172 1955 324 2021 censebat
345 1955 429 2041 quod
451 1958 662 2040 sequerentur
683 1977 794 2021 omnes
817 1958 851 2022 et
864 1978 976 2028 omnes
991 1955 1231 2042 improbarent,
1255 1955 1296 2023 in
1318 1959 1379 2045 pri·

170 2056 233 2123 mis
259 2057 330 2143 ipse
355 2058 411 2143 qui
439 2061 619 2127 censuerat.
661 2057 742 2124 adeo
764 2058 854 2124 nulla
875 2058 981 2146 magis
1008 2057 1159 2124 omuibus
1188 2058 1378 2147 displicent,

171 2178 275 2245 quam
289 2181 372 2245 quae
394 2160 442 2226 sic
462 2159 562 2235 fiunt,
589 2163 754 2248 tamquam
782 2161 930 2227 omnibus
952 2162 1115 2249 placeant.
1156 2160 1304 2230 fortasse
1325 2165 1380 2230 im·

170 2265 302 2350 perator
332 2262 375 2333 in¹
395 2266 512 2329 senatu
538 2262 579 2329 ad
600 2264 816 2330 reverentiam
838 2264 906 2330 eius
929 2265 1199 2351 componebatur:
1234 2269 1380 2334 ceterum

172 2386 320 2451 egressus
342 2367 454 2432 statim
475 2386 510 2432 se
531 2365 709 2451 recipiebat
730 2366 767 2432 in
788 2366 967 2453 principem
996 2367 1409 2452 omniaqueoonsulariaa

153 2456 280 2534 'officia
301 2468 445 2553 abicere,
467 2468 658 2556 neglegere,
683 2472 889 2536 contemnere
911 2469 1046 2544 solebat.
1076 2469 1132 2535 ille
1147 2491 1224 2537 vero
1238 2471 1293 2537 ita
1307 2493 1380 2539 con·

171 2571 237 2657 sul,
260 2573 298 2636 ut
318 2570 347 2637 si
368 2573 498 2637 tanturn
521 2572 633 2637 consul
646 2571 749 2657 foret,
766 2566 856 2637 nihil
871 2572 958 2639 infra
980 2594 1015 2638 se
1033 2572 1188 2658 putabat,
1211 2573 1282 2640 nisi
1297 2574 1379 2661 quod

153 2674 258 2750 ,infra
281 2674 447 2740 consulem
468 2678 563 2740 esset.
602 2697 640 2741 ac
666 2676 807 2761 primurn
824 2676 881 2752 'ita
903 2675 997 2741 domo
1024 2674 1317 2764 progrediebatur,
1345 2680 1379 2743 ut

169 2777 262 2843 illum
287 2776 395 2843 nullus
422 2781 598 2864 apparatus
625 2778 833 2864 arrogantiae
855 2777 1062 2864 principalis,
1090 2777 1201 2845 nullus
1227 2801 1377 2865 praecur-

171 2901 279 2946 sorum
293 2880 450 2946 tumultus
473 2881 644 2947 detineret.
682 2904 747 2946 una
770 2881 898 2947 eratin
918 2881 1032 2947 limine
1053 2903 1160 2966 mora,
1192 2883 1405 2949 consultaret

171 3006 246 3049 aves
267 2984 469 3069 revererique
491 2984 661 3050 numinum
682 2985 835 3050 monitus.
873 2995 969 3051 nemo
992 2984 1260 3070 proturbabatur,
1285 3008 1376 3052 nemo

170 3087 446 3153 commovebatur:
475 3090 568 3153 tanta
595 3087 772 3153 viatoribus
805 3086 910 3172 quies,
943 3090 1057 3154 tantus
1085 3086 1190 3174 pudor
1218 3087 1374 3181 fascibus,

241 3400 254 3449 1
274 3403 380 3451 certum
400 3403 444 3451 est
462 3404 491 3451 et
509 3415 580 3467 quae
598 3400 661 3449 Bao
683 3404 790 3449 eertum
814 3402 857 3450 est
879 3405 910 3450 ut
933 3414 1004 3464 quae
1023 3398 1046 3448 Δ
1065 3404 1170 3451 certum
1190 3406 1234 3451 est
1253 3402 1375 3469 aequet

239 3469 256 3518 4
274 3467 431 3534 praetulisti
448 3469 580 3520 Livineius
648 3471 711 3519 bret
730 3474 824 3518 tamen
842 3468 941 3518 uineas
959 3468 1008 3517 AB
1032 3473 1060 3517 et
1077 3468 1178 3519 uinces
1195 3483 1210 3519 o
1227 3476 1261 3521 ut
1279 3473 1374 3522 uineas

171 3536 188 3584 d
257 3535 354 3587 audies
372 3540 409 3588 cd
476 3538 568 3589 edici
585 3538 668 3588 orni
745 3536 800 3586 nisi
818 3536 852 3587 ob
872 3536 970 3587 eadem
989 3538 1066 3587 facta
1085 3538 1242 3593 Coronaeus.
1260 3541 1375 3603 (oremus

170 3604 227 3655 nisi
244 3605 323 3656 iacta
342 3607 398 3656 sint
415 3605 512 3657 eadem
616 3608 631 3656 ‘1
650 3604 700 3656 sub
723 3603 850 3670 exemplo
868 3609 915 3654 tuo
938 3624 952 3655 e
974 3607 1064 3656 codiee
1082 3606 1209 3658 Patauino
1228 3613 1256 3658 et
1277 3608 1374 3660 Veneto

171 3673 304 3724 adnotavit
322 3672 495 3738 Schoenitas,
521 3676 622 3740 recepit
640 3675 768 3740 Gierigius
792 3675 842 3725 sub
871 3673 997 3738 exempto
1024 3674 1181 3740 patientiae
1199 3680 1267 3726 tuae
1285 3675 1374 3742 Cuspi-

170 3743 261 3792 rn'auus
330 3744 346 3793 8
364 3759 473 3809 ageres.
491 3743 682 3809 interrogauit
699 3743 814 3809 quisque
833 3741 906 3807 quod
925 3741 1032 3806 placuit
1050 3743 1198 3794 dissentire
1210 3744 1261 3794 AB
1279 3759 1374 3811 ageres

170 3811 359 3877 interrogares
378 3812 502 3879 quisquis
522 3812 593 3877 quod
611 3811 719 3877 placuit
730 3811 878 3861 dissentire
891 3812 928 3859 od
947 3827 1059 3876 ageres,
1078 3811 1106 3862 id
1121 3817 1164 3862 est
1176 3812 1373 3880 interrogarer.

171 3879 289 3944 quisque
307 3881 377 3944 quod
396 3879 502 3947 placuit
519 3881 637 3942 sentire,
661 3879 811 3930 dissentire
830 3879 999 3929 Sctrcorzius.
1014 3882 1130 3944 sortasse
1150 3895 1263 3946 ageres:
1290 3882 1373 3933 inter·

171 3953 283 4012 rogatus
302 3949 416 4014 quisque
436 3949 506 4014 quod
524 3948 630 4015 placuit
647 3949 803 4008 sentiebat,
822 3947 902 3997 licuit
920 3947 1070 3999 dissentire
1169 3952 1185 4000 9
1204 3951 1316 4016 copiam
1335 3953 1374 4001 iu·

170 4015 236 4066 dicii
256 4016 349 4066 iacere
368 4018 411 4068 sui
430 4019 470 4067 rei
488 4032 533 4083 pn.
552 4032 567 4067 a
585 4017 694 4083 copiam
711 4016 810 4067 iudicii
832 4017 875 4066 sui
893 4017 934 4066 rei
952 4033 998 4083 pu.
1023 4019 1114 4069 iacere
1140 4022 1230 4069 tntum
1255 4020 1309 4070 ruit
1327 4019 1373 4069 Co·

170 4092 277 4134 tattaeus
348 4088 376 4136 11
398 4083 438 4151 at]
459 4087 546 4136 autii
616 4088 647 4137 li
666 4085 817 4152 displicent
834 4086 918 4136 Bacd
935 4085 1136 4151 displiceretd
1205 4089 1240 4139 20
1259 4089 1387 4152 recipie·-

60 4152 63 4158 '
171 4153 221 4202 bat
238 4153 266 4201 in
286 4154 438 4220 principem
457 4156 541 4204 Baod
560 4156 716 4222 recipiebat
734 4155 763 4204 in
781 4156 976 4220 imperatorem
995 4156 1192 4221 principemlt
1250 4159 1283 4207 tt
1304 4155 1372 4206 abii·

170 4237 233 4270 oera
252 4220 381 4272 Liuineius
400 4224 515 4289 abigere
532 4224 622 4274 arou
708 4226 750 4274 ita
767 4225 848 4274 om.d
933 4226 967 4273 22
990 4230 1020 4274 ut
1044 4223 1068 4274 si
1086 4229 1193 4274 tantum
1211 4223 1311 4274 consul
1328 4240 1372 4276 ota

170 4288 246 4348 bod,
265 4292 326 4342 add.
345 4293 389 4347 Βς
423 4295 456 4344 ‘23
474 4292 550 4342 inira
569 4292 708 4344 consulem
727 4298 800 4343 esset
820 4290 976 4342 Cotonoeus²
999 4294 1073 4342 infra
1091 4308 1139 4343 eos
1159 4297 1236 4342 esset
1253 4293 1341 4343 ssed

169 4360 203 4408 ‘tl
221 4374 432 4425 praecursorum
450 4363 473 4411 Δ
491 4376 685 4427 percussorum
703 4363 745 4411 Bd
763 4377 949 4427 precursorem
969 4377 983 4411 o
1051 4364 1085 4412 25
1107 4360 1286 4412 consalutare
1303 4363 1326 4411 Δ

169 4428 203 4476 26
222 4429 343 4480 reuereri
361 4432 500 4481 numinum
520 4432 646 4494 motusss
716 4427 848 4496 monitus]
870 4436 1025 4480 moraturo
1094 4445 1174 4481 nemo
1192 4429 1372 4495 proturbaba-

169 4500 215 4545 tur
233 4497 361 4548 Liuineius
379 4515 459 4550 nemo
478 4500 695 4564 perturbabatur
711 4501 776 4549 Aba
794 4515 874 4554 nemo
893 4500 1115 4566 perturbatori,
1134 4498 1218 4551 orati
1296 4513 1372 4551 nemo

79 4610 86 4620 .
170 4567 395 4620 summovebatur
411 4569 493 4633 οπι.β
1057 4596 1060 4601 ·
