2934 4966
193 260 235 327 82
717 270 749 320 c.
770 269 869 319 anim
975 246 980 255 '

193 429 319 496 minora
345 428 424 511 hoc,
453 425 509 492 scd
536 424 739 511 obscuriora,
764 446 848 511 quae
873 421 937 490 tibi
962 422 1114 491 existimo
1139 428 1211 491 tam
1235 422 1409 491 mirabilia

166 530 321 619 dlegeuti
347 529 435 615 fore,
463 551 561 615 qaam
587 529 668 596 mihi
696 527 842 595 audienti
868 526 1013 594 fueraut
1042 527 1238 615 aegrotabat
1259 525 1409 595 Caecina

195 634 326 719 Paetus,
349 633 487 698 maritus
509 633 589 716 cius,
611 631 806 720 aegrotabat
826 634 860 697 et
879 630 979 717 filius,
1000 633 1136 717 uterque
1157 620 1344 716 mortifere,
1367 631 1409 695 ut

194 736 380 802 videbatur:
402 735 488 801 iilius
510 734 649 801 decessit
670 734 789 801 eximia
810 732 1070 821 pulchritudine,
1096 733 1171 819 pari
1191 732 1407 819 verecundia,

195 837 229 905 et
249 836 440 925 parentibus
462 859 528 904 non
550 837 658 905 minus
679 837 722 904 ob
743 837 809 904 alia
835 858 947 922 caras,
974 858 1073 924 quam
1098 834 1186 922 quod
1207 835 1297 902 filius
1318 839 1434 903 erata

46 993 49 997 -
163 942 269 1010 4huic
296 941 354 1007 illa
381 940 556 1007 itatenus
584 941 728 1027 pararit,
756 940 806 1007 ita
837 940 931 1008 duxit
963 938 1134 1027 exequias,
1166 941 1204 1005 nt
1230 938 1410 1027 ignoraret

193 1045 346 1111 maritus:
378 1043 601 1130 quinimmo,
634 1044 784 1130 quotiens
811 1041 997 1111 cubiculum
1017 1043 1087 1109 eius
1107 1042 1262 1127 intraret,
1292 1043 1408 1110 rivere

193 1148 296 1215 filium
329 1150 427 1239 atque
458 1146 557 1212 etiam
591 1144 841 1213 commodiorem
866 1168 939 1213 esse
964 1145 1141 1211 simubbat
1176 1166 1216 1211 ae
1242 1166 1419 1233 peraaepe-

194 1249 411 1337 interroganti
426 1248 504 1335 qaid
519 1251 632 1335 ageret
652 1269 734 1335 puer
754 1248 973 1335 respondebat
993 1249 1090 1316 ‘bene
1104 1247 1238 1336 quierit,
1258 1246 1409 1315 libenter

164 1354 304 1425 beibum
330 1353 493 1438 mmpsit’.
529 1350 662 1436 deinde,
690 1371 765 1417 canu
790 1350 846 1417 diu
869 1350 1030 1419 colabitae
1050 1350 1206 1419 lacrimae
1230 1350 1445 1419 nacerentu

196 1459 520 1543 prorumperentqae‚
555 1452 796 1541 egrediebatur:
828 1457 909 1521 tnnc
940 1476 976 1521 se
1001 1454 1104 1521 dolori
1132 1453 1249 1522 dabat:
1281 1454 1422 1521 satiata.

160 1611 164 1639 5
195 1558 290 1625 siccis
311 1557 412 1624 oculis
435 1557 613 1643 composito
633 1555 727 1623 vultu
746 1552 894 1642 redibat,
922 1556 1091 1644 tamqnam
1117 1557 1293 1625 orbitatem
1321 1558 1415 1625 ioris
1447 1561 1450 1565 ’

166 1661 388 1747 6reliqniseet.
416 1659 620 1746 praeclarum
640 1659 772 1746 quidem
798 1658 880 1728 illud
900 1660 1060 1747 eiusdem,
1081 1660 1207 1729 ferrum
1226 1660 1406 1748 stringere,
1416 1684 1422 1715 -·

195 1763 363 1851 perfodere
384 1766 509 1849 pectus,
532 1760 702 1829 ornabere
722 1762 911 1849 pugionem,
932 1763 1258 1851 porrigeremarito,
1283 1752 1406 1857 addere
1422 1846 1445 1859 ,-

112 1919 116 1924 .
194 1888 306 1933 rocem
337 1864 553 1932 immortalem
585 1886 624 1931 aa
649 1885 756 1952 paene
782 1864 928 1933 divinam
949 1864 1079 1953 ‘Paete,
1103 1888 1174 1934 non
1193 1866 1315 1943 doleta-
1345 1866 1444 1933 sed-ra

193 1972 304 2035 tamen
326 1967 391 2034 ista
410 1967 557 2053 fauent,
577 1968 645 2034 ista
665 1968 788 2035 dicenti
809 1969 915 2056 gloria
936 1971 971 2036 et
990 1970 1170 2036 aeternitas
1191 1970 1271 2037 ante
1291 1969 1405 2037 oculos
1452 1964 1455 1969 ’

144 2147 150 2156 ,
194 2074 303 2139 erant:
335 2092 400 2158 quo
430 2069 535 2137 mains
562 2073 613 2136 cet
639 2069 711 2136 sine
736 2072 882 2158 praemio
909 2071 1130 2157 aeternitatis,
1163 2072 1236 2140 sine
1256 2072 1405 2159 praemio
1419 2076 1427 2099 ⁵

180 2162 317 2262 ¹gloriae
339 2173 457 2242 abdere
478 2174 644 2260 lacrimas,
667 2175 793 2261 operire
814 2174 949 2260 luctum,
971 2174 1154 2261 amissoque
1172 2174 1241 2241 filio
1260 2166 1406 2255 matrem

166 2282 185 2349 7
198 2276 303 2344 adhuc
326 2298 434 2365 agere.
465 2275 696 2345 Scribonianus
710 2299 803 2345 arma
823 2278 858 2343 iu
873 2275 1006 2364 Illyrico
1020 2280 1135 2345 contm
1149 2276 1322 2345 Claudiam
1336 2267 1406 2345 mu-

193 2384 301 2448 nerat:
332 2380 442 2447 fuerat
461 2378 581 2452 Paetus
607 2382 643 2447 in
665 2381 813 2467 partibas
841 2383 874 2448 et
900 2381 1008 2448 occiso
1028 2378 1243 2447 Scriboniano
1261 2378 1446 2449 Romamn

164 2482 395 2553 8trahebatur.
425 2486 496 2551 erat
509 2505 702 2575 ascensurus
716 2504 849 2577 narem:
871 2484 970 2551 Arria
983 2482 1104 2551 milites
1118 2482 1235 2551 orabat
1253 2487 1293 2551 nt
1304 2484 1406 2551 aimnl
1420 2535 1423 2539 -

194 2585 413 2672 inponeretur.
449 2593 580 2674 ‘nempe
613 2586 712 2653 enim’
743 2586 852 2673 inquit
883 2578 1004 2653 ‘daturi
1030 2588 1109 2653 estis
1136 2586 1308 2654 consulari.
1331 2582 1438 2663 'viros

194 2687 336 2767 servulos
358 2689 492 2777 aliquos,
516 2711 653 2776 quorum
674 2712 692 2755 e
713 2710 814 2755 mann
830 2689 938 2756 cibam
960 2691 1080 2776 capiat,
1097 2711 1125 2755 a
1145 2689 1263 2776 quibus
1283 2691 1405 2757 vestia-

167 2795 259 2878 9tar,
283 2792 441 2879 aquibus
465 2792 634 2882 calcietur:
657 2792 768 2859 omnia
789 2790 859 2858 sola
879 2792 1077 2879 praestabo?
1107 2815 1177 2880 non
1197 2793 1405 2880 impetrarit:
1424 2868 1429 2874 ,

195 2895 350 2963 conduxit
384 2895 595 2982 piscatoriam
630 2894 805 2962 nauculam
839 2896 1022 2982 ingensque
1061 2895 1231 2982 navigium
1265 2888 1406 2963 minimo
1419 2919 1448 2961 aa

194 3001 307 3064 secuta
335 3001 396 3064 est
432 2998 544 3066 eadem
572 2998 658 3086 apud
685 2998 857 3067 Claudium
883 2999 977 3065 uxori
1004 2988 1227 3085 Scriboniani,
1249 3020 1326 3065 cnm
1345 2998 1422 3067 illa-

195 3102 402 3187 profiteretnr
422 3101 596 3187 indicium,
626 3107 711 3189 ‘ego'
733 3101 841 3188 inquit
868 3104 914 3167 ‘te
935 3101 1083 3187 audiam,
1100 3101 1200 3195 ‚leuius
1219 3102 1258 3169 in
1277 3102 1408 3191 gremio

197 3202 428 3271 Scribonianus
441 3205 573 3271 ‘occisas
596 3208 662 3290 est,
691 3209 726 3270 et
745 3203 871 3271 nvist'
906 3225 947 3271 ex
971 3227 1039 3290 quc
1061 3205 1273 3272 manifestum
1299 3208 1354 3272 cst
1373 3206 1406 3273 ei

148 3306 368 3373 l9conailium
394 3306 629 3393 pulcherrimae
650 3308 764 3373 mortis
786 3328 854 3373 nou
880 3307 1024 3398 subitum
1049 3306 1161 3375 fuisse.
1191 3308 1272 3394 quin
1292 3309 1407 3395 etiam,

197 3430 270 3474 cam
284 3408 438 3494 Thrasea,
460 3432 563 3497 gener
577 3411 655 3497 eius,
678 3409 905 3497 deprecaretur
919 3432 962 3476 ne
982 3409 1066 3477 mori
1078 3414 1232 3499 pergeret
1251 3410 1408 3500 interque
1419 3435 1447 3478 so

265 3601 405 3652 lminora
422 3600 494 3654 haec
512 3604 726 3669 obscurioraqus
748 3603 843 3654 tibin
911 3602 1090 3654 obser-ariera
1106 3604 1136 3653 Ι
1203 3603 1353 3671 erasme

196 3669 362 3732 aegrotabat
380 3670 504 3722 Caecina
521 3673 760 3724 Paetnsmaritus
778 3673 838 3723 eins
851 3672 930 3725 cn]
986 3672 1124 3724 caeclnua
1140 3686 1197 3736 pra
1248 3675 1408 3728 emeritas

195 3739 253 3789 cius
271 3753 319 3792 om.
335 3739 392 3788 liv
460 3741 604 3807 utriquep
680 3742 833 3808 tparique
849 3752 893 3803 ις,
911 3757 960 3793 oua
973 3741 1002 3789 Ι
1070 3743 1171 3807 iquin
1188 3742 1272 3793 immo
1287 3747 1318 3793 et
1336 3759 1408 3810 quo·

195 3807 268 3858 tiens
284 3819 323 3870 pa
408 3809 632 3876 tinterroganta
650 3811 673 3858 n
759 3810 911 3876 quiescitr
1002 3810 1033 3859 11
1052 3813 1119 3860 tnnc
1136 3811 1341 3867 miratam
1361 3814 1407 3878 Ἑρ

195 3879 322 3927 tament
403 3880 434 3928 12
452 3875 551 3945 siccis]
571 3879 681 3941 sicutp
767 3877 967 3929 rediebatlv
1051 3877 1173 3930 13'illud
1191 3879 1384 3944 quidemr'

194 3943 317 3996 eiusdem
335 3971 368 3983 -
388 3948 420 3997 14
432 3947 582 4012 pugionem
601 3949 627 3997 in
644 3962 724 4012 aurp.
743 3948 806 3998 add.
824 3949 853 3995 Ι
906 3949 938 3997 15
957 3941 1004 4013 ac]
1023 3945 1097 3998 adr
1148 3964 1204 4000 non
1222 3946 1299 3998 dolet
1317 3953 1407 4014 pecte

194 4012 250 4062 IV
365 4015 397 4065 16
415 4015 470 4065 iata
489 4014 608 4066 facienti
626 4017 682 4066 ista
700 4016 805 4067 dicenti
822 4017 904 4065 nvn
927 4017 984 4065 ista
1001 4015 1121 4066 facienti
1137 4015 1245 4068 dicenti
1261 4018 1330 4080 rpa
1346 4017 1408 4070 ista

196 4081 313 4132 facienti
329 4081 491 4149 dicentique
509 4097 545 4140 ις
633 4087 664 4136 17
684 4080 747 4152 quo]
770 4084 843 4150 quod
859 4084 915 4134 IV
1001 4085 1179 4137 aeternitatis
1196 4088 1258 4136 sine
1277 4086 1463 4151 praemio.

196 4164 242 4198 om.
261 4151 284 4198 1)
367 4155 398 4204 18
415 4152 547 4204 lacrimas
566 4153 701 4205 abderer
768 4154 924 4216 amissoque
943 4150 1111 4219 (omissoque
1123 4156 1149 4217 r)
1166 4153 1224 4205 filio
1238 4154 1327 4205 etiam
1346 4170 1407 4207 ma·
1448 4200 1455 4211 .

197 4219 263 4266 trem
283 4217 425 4277 adtinere
524 4226 556 4274 19
574 4223 601 4273 in
621 4221 731 4287 illyrico
748 4222 844 4286 KVpr
862 4221 987 4285 milyrico
1006 4224 1028 4272 n
1047 4222 1157 4289 illyrico
1175 4223 1220 4274 h
1323 4226 1407 4277 teet

197 4286 288 4336 occiso
305 4289 402 4340 nvn:
430 4288 461 4341 et
486 4293 573 4342 enar
600 4292 721 4342 lliccnrd.
738 4305 795 4355 pra
822 4342 826 4347 ,
881 4288 1100 4355 Scribanianop
1190 4294 1224 4342 21
1242 4294 1306 4343 erat
1322 4308 1408 4346 amr

266 4357 361 4405 arrilt
446 4361 480 4410 22
498 4360 596 4426 inquid
613 4361 695 4409 ΜΠ
780 4373 847 4410 uero
865 4359 892 4406 Ι
972 4362 1005 4413 23
1023 4361 1146 4413 seruolos
1164 4361 1220 4410 KV
1307 4362 1408 4428 capiat

197 4421 368 4487 nestiatnrp
454 4430 488 4479 24
505 4427 666 4495 praestabo]
687 4428 880 4495 praestauitll
978 4432 1012 4482 25
1030 4429 1181 4481 nauculam
1198 4430 1221 4479 V
1238 4429 1406 4483 nauiculam

197 4489 337 4554 man
404 4495 561 4566 nauigium]
582 4498 732 4549 nauiumlt
801 4496 968 4562 minimoque
990 4503 1087 4550 secuta
1105 4503 1183 4563 estp
1246 4499 1364 4552 tdaror
1381 4502 1407 4551 n

90 4608 93 4612 .
266 4561 298 4611 27
316 4561 413 4629 inquid
429 4566 513 4616 ΙΠ
593 4569 627 4619 28
645 4567 755 4619 occisas
773 4570 803 4617 ct
818 4566 893 4616 niuis
910 4568 933 4615 V
1019 4571 1053 4619 30
1071 4572 1165 4620 trecea
1181 4567 1204 4616 l'
1221 4566 1364 4623 tbraaeun
1381 4570 1408 4622 Υ
