2934 4966
168 272 233 338 246
378 302 383 307 ·
696 282 728 344 c.
751 284 850 335 ram

168 444 263 511 sente
284 439 398 508 Certo:
424 439 489 506 fuit
515 441 604 508 enim
630 461 688 507 seu
714 438 781 506 tale
802 440 923 529 aliquid
944 442 1128 529 suspicatm
1148 442 1234 531 sire,
1262 445 1305 510 ut
1329 464 1383 511 ex·

170 545 359 630 cumbatur,
380 543 539 611 infirmus.
580 548 615 612 et
634 543 826 611 relationem
846 544 977 632 quidem
998 546 1039 613 de
1060 566 1099 612 eo
1120 545 1245 619 Gsoear
1264 546 1310 613 ad
1331 568 1383 615 se·
1447 535 1450 578 ¹

117 652 160 719 23
169 651 284 716 natum
297 667 365 714 non
379 647 519 733 remisit3
541 647 669 715 obtinui
681 650 793 714 iamm
807 647 893 734 quod
906 648 1121 715 intenderam
1155 649 1237 717 nam
1252 650 1382 739 collega

169 750 259 820 Certi
281 749 500 835 consulatum,
523 771 740 817 successorem
761 748 877 818 cerrus
898 750 1040 838 aceepit,
1068 750 1230 838 planeque
1251 752 1382 821 factum

170 857 221 922 cst
240 853 328 941 quod
341 853 486 920 dixeram
506 853 542 919 in
556 855 638 940 fine,
660 853 787 920 ‘reddat
800 854 980 941 praemium
1001 855 1063 920 sub
1076 855 1200 941 opb'mo
1211 858 1406 946 principes
1466 865 1467 874 ’

169 957 255 1046 quod
276 978 296 1022 a
317 957 458 1043 pessimo
479 957 630 1044 aceepit!
663 960 777 1044 postea
797 957 960 1025 actionem
981 978 1102 1044 meam,
1122 960 1301 1046 utcumque
1323 982 1381 1047 po-
1447 923 1451 1050 i

118 1060 236 1147 sceui,
263 1059 434 1147 recollegi,
464 1059 573 1126 addidi
599 1061 713 1126 multa.
753 1060 873 1127 accidit
897 1059 1086 1146 fortuitum,
1107 1060 1173 1145 [sed
1197 1080 1268 1127 non
1297 1064 1383 1129 tam·
1447 1057 1450 1148 i

170 1185 268 1251 quam
288 1162 473 1247 fortuitum,
497 1162 583 1249 quod
604 1163 700 1229 editis
720 1162 811 1229 libris
831 1160 946 1230 Certus
965 1161 1056 1229 intra
1075 1162 1291 1250 paucissimos
1313 1165 1383 1232 dies
1446 1171 1452 1324 p

118 1264 338 1352 complicitus
352 1265 464 1331 morbo
478 1264 626 1331 decessit
660 1265 768 1332 audiri
781 1264 959 1331 referem
973 1264 1060 1332 banc
1080 1264 1263 1353 imaginem
1275 1270 1384 1334 menti

171 1369 256 1453 eius,
277 1366 365 1434 bane
386 1367 487 1434 oculis
501 1369 684 1455 oberrasse,
705 1372 873 1456 tamquam
893 1367 1019 1435 videret
1036 1390 1089 1436 me
1109 1367 1174 1437 sibi
1194 1390 1272 1435 sum
1291 1369 1416 1437 ferros

170 1471 351 1538 imminere.
389 1492 510 1538 verane
530 1470 611 1539 haee
626 1472 797 1539 adfirmare
810 1493 879 1539 non
899 1471 1018 1558 ausim,
1039 1472 1177 1539 interest
1196 1475 1315 1541 manen
1330 1495 1384 1540 ex·
1441 1460 1450 1531 s

7 1625 13 1632 -
120 1572 270 1660 2dempli
297 1575 335 1640 ut
354 1596 433 1640 vera
460 1575 640 1642 rideantur.
673 1576 774 1642 habes
800 1575 988 1663 epistulam,
1016 1576 1197 1643 simodum
1218 1576 1383 1665 epistolae

173 1678 313 1765 cogites,
335 1676 428 1743 libris
443 1700 524 1765 quos
544 1678 655 1766 legisti
677 1702 745 1746 non
762 1679 937 1766 minorem,
957 1680 1023 1749 sed.
1036 1678 1203 1767 imputabis
1224 1678 1301 1765 tibi,
1325 1679 1382 1768 qui

174 1782 346 1874 contentus
367 1779 459 1848 libris
480 1803 549 1849 non
569 1782 674 1850 fuisti.
709 1782 792 1850 vale.
867 1872 872 1879 ι
1441 1772 1449 1833 l

576 2022 579 2027 ,
722 1951 833 2021 XIIII·
983 1942 988 1950 ’
1391 1982 1412 2026 a
1441 1840 1450 2043 i

532 2074 971 2132 o.rarrc1usrsc1rosuo
990 2066 1035 2131 s.·
1367 2106 1372 2114 -
1440 2050 1447 2171 Ι

21 2159 24 2163 ⁴
144 2194 162 2262 1
258 2192 329 2259 Nec
350 2191 421 2280 ipse
442 2170 504 2258 tibi
524 2192 667 2280 plaudis,
696 2196 730 2260 et
751 2215 813 2281 ego
832 2193 918 2261 nibil
944 2195 1051 2283 magis
1072 2216 1113 2261 er
1133 2193 1198 2261 fide
1218 2217 1322 2283 quam
1342 2195 1380 2262 de
1439 2176 1445 2309 ,i

172 2299 207 2363 te
229 2296 345 2363 scribo.
378 2296 516 2383 posteris
538 2318 581 2363 an
608 2297 718 2384 aliqua
740 2319 817 2365 eura
837 2298 944 2365 nostri
969 2297 1095 2386 nescio;
1120 2319 1183 2365 nos
1204 2300 1296 2365 certe
1317 2321 1380 2365 me-

173 2421 282 2466 remur
302 2402 341 2465 ut
361 2398 404 2465 sit
425 2399 550 2485 aliqua,
575 2420 644 2466 non
665 2399 739 2467 dico
758 2396 894 2489 ingenio
915 2401 964 2490 (id
984 2400 1073 2469 enim
1093 2400 1297 2489 superbum),
1325 2401 1381 2468 sed
1402 2422 1405 2428 ’

174 2502 281 2569 studio
296 2505 329 2568 et
343 2501 454 2569 labore
468 2504 502 2568 et
516 2503 698 2568 reverentia
711 2505 924 2589 posterorum.
958 2526 1133 2592 pergamus
1145 2503 1244 2571 modo
1262 2505 1412 2571 itineres
1444 2532 1448 2537 ·

40 2637 47 2646 «
173 2605 341 2690 instituto,
363 2604 448 2691 quod
469 2607 507 2671 ut
520 2627 641 2691 paucos
660 2605 697 2671 iu
717 2605 823 2672 lucem
844 2606 1028 2694 famamque
1042 2608 1207 2696 prorexit,
1230 2607 1280 2675 ita
1301 2606 1380 2674 mul·

174 2711 226 2775 tos
247 2730 266 2775 e
286 2707 431 2775 tenebris
453 2710 487 2774 et
508 2707 638 2775 silentio
659 2708 805 2796 protulit.
842 2709 925 2775 vale.
1453 2712 1456 2717 '

740 2877 815 2947 XV.

518 2999 549 3054 c.
566 3001 717 3056 sununs
735 3001 900 3089 saccom
917 3002 990 3056 suo
1007 3004 1037 3061 s,

147 3123 166 3188 l
261 3119 458 3207 Refugeram
477 3119 513 3185 in
528 3118 667 3203 Tuscos,
690 3122 729 3185 nt
742 3120 851 3186 omnia
866 3119 908 3185 ad
923 3121 1094 3188 arbitrium
1106 3144 1215 3189 meum
1228 3120 1410 3190 facerems
1429 3088 1432 3093 ,

176 3226 213 3289 at
226 3223 289 3288 hoo
302 3244 344 3288 ne
358 3222 394 3287 in
405 3222 519 3289 Tuscis
534 3222 678 3308 quidem:
692 3225 762 3288 tam
776 3222 886 3288 multis
897 3223 1039 3311 undique
1055 3226 1251 3292 rusticorum
1264 3227 1380 3293 libellis

1177 2784 1193 2817 b

177 3328 211 3392 et
236 3328 306 3390 tam
332 3325 473 3411 querulis
499 3324 676 3412 inquietor,
705 3347 784 3411 quos
810 3325 978 3412 aliquanto
1005 3327 1110 3415 magia
1135 3328 1259 3395 invitus
1286 3352 1380 3417 quam
1415 3412 1420 3425 ι

244 3640 259 3691 1
279 3634 346 3709 fuit]
366 3639 457 3692 abluit
474 3653 491 3688 a
575 3641 592 3689 2
611 3642 640 3690 et
657 3636 821 3689 relationem
838 3640 1000 3692 —remisit
1016 3643 1067 3692 la
1088 3646 1119 3693 et
1136 3640 1284 3695 relationis
1302 3640 1381 3707 (rala-

176 3709 261 3762 tionis
278 3706 313 3774 D)
332 3708 445 3774 quidem
463 3707 497 3759 ds
517 3723 549 3759 eo
568 3722 669 3758 caesar
687 3705 763 3757 adsit
780 3709 823 3770 Dp
846 3711 875 3760 et
892 3708 1024 3760 relationi
1041 3710 1152 3776 quidem
1171 3710 1205 3763 de
1225 3727 1259 3763 eo
1278 3711 1381 3764 Caesar

177 3778 269 3830 adluit
286 3788 322 3832 ις
391 3777 535 3843 3optinui
552 3778 600 3839 Hp
618 3775 754 3841 optimiIi
822 3777 1084 3830 4suceensoremr
1152 3779 1340 3843 bdirerimp

176 3842 339 3913 praemium}
359 3847 511 3911 primump
580 3845 775 3909 iipessimait
856 3847 936 3911 potui
959 3852 988 3898 et
1006 3847 1173 3914 recollegit
1254 3846 1380 3900 ‘laddidi

176 3918 248 3972 15⁸
267 3913 375 3967 addidit
392 3915 455 3978 Dpr
523 3911 629 3978 8quod
645 3912 746 3962 deditis
764 3914 808 3976 Dp
888 3915 990 3965 tandi
1007 3930 1024 3965 a
1093 3916 1180 3969 menti
1197 3917 1267 3973 Ιτς
1286 3915 1380 3966 mentis
1447 3910 1450 3919 '

177 3985 241 4047 Ilpa
311 3985 344 4035 10
360 3983 505 4034 oberrasse
523 3995 582 4037 rsa
607 3981 768 4031 aberrasset
785 3983 813 4030 n
836 3983 929 4034 inesse
946 3986 989 4048 Dp
1059 3986 1170 4038 uideret
1187 4000 1231 4036 me
1249 3985 1306 4037 sibi
1324 3998 1379 4034 cum

177 4053 252 4104 terro
270 4051 414 4103 imminere
431 4053 458 4100 II
475 4051 584 4102 uideret
601 4049 762 4100 Heluidium
779 4051 945 4116 respondero
962 4052 1031 4104 mihi
1048 4053 1128 4119 (mihi
1144 4071 1193 4107 osa
1212 4054 1247 4115 n)
1264 4055 1350 4116 upra

178 4123 210 4172 11
229 4118 336 4189 umen]
355 4122 429 4172 enim
446 4136 463 4171 a
546 4121 576 4169 11
594 4119 619 4168 si
637 4119 717 4170 modo
735 4119 871 4186 epistolae
888 4124 929 4171 Dr
947 4124 972 4173 si
990 4123 1070 4175 modo
1088 4122 1209 4191 epistola
1225 4133 1243 4184 p
1259 4122 1287 4172 si
1303 4118 1380 4171 modo

178 4189 363 4257 epistolam
431 4191 464 4241 13
483 4189 592 4255 cogitas
610 4201 645 4250 pr
713 4187 799 4240 libros
818 4204 886 4254 quos
904 4193 947 4256 Dp
1045 4246 1048 4255 ¹

246 4258 330 4310 XIIII
349 4261 381 4311 18
393 4259 512 4325 posteris
530 4256 630 4323 quibus
649 4272 686 4308 an
697 4258 725 4305 n
777 4261 866 4310 nostri
882 4276 931 4311 om.
949 4262 995 4325 up
1061 4263 1093 4313 19
1110 4257 1271 4325 ingenio-
1289 4255 1379 4308 studio

179 4343 228 4380 oss.
245 4329 289 4393 Itp
358 4327 387 4377 id
405 4331 448 4378 est
466 4328 540 4377 enim
556 4337 593 4380 ις
678 4324 729 4375 sed
747 4326 839 4379 studio
860 4329 912 4380 sed
930 4328 1025 4382 labore
1044 4344 1062 4379 s
1130 4331 1164 4379 20
1181 4327 1340 4380 reuerentii
1356 4327 1380 4375 Ι

247 4402 388 4463 posterum
405 4399 450 4447 Da
540 4397 572 4445 ‘21
591 4394 749 4460 famamque
767 4397 837 4460 Ilpa
854 4398 932 4448 fama
949 4400 1012 4454 Dra
1098 4399 1132 4448 22
1150 4411 1165 4446 e
1183 4395 1310 4448 tenebris
1327 4408 1381 4452 rsa

180 4467 209 4514 et
227 4465 351 4517 tenebris
368 4467 417 4529 IIp
436 4466 465 4515 in
483 4465 605 4514 tenebris
623 4465 644 4512 n

150 4580 153 4587 .
247 4533 298 4587 xv
315 4536 350 4586 as
366 4531 540 4599 saccom]
560 4531 753 4585 IIALHANO
770 4534 798 4581 n
884 4536 918 4586 as
935 4535 972 4586 aa
989 4534 1043 4587 hoe
1059 4536 1088 4583 ι
1173 4531 1319 4601 quium:

170 4603 211 4656 27
223 4607 255 4657 et
271 4606 330 4657 tam
349 4603 477 4674 querulis
493 4604 592 4674 Ilipa
610 4606 640 4658 et
657 4602 782 4674 querulis
798 4613 815 4661 ς
832 4605 863 4655 et
879 4603 1000 4671 querelis
1017 4619 1032 4655 r
1440 4600 1445 4623 ¹
