2934 4966
547 298 550 304 ·
613 305 826 356 enarrarre.
872 331 877 338 -
1171 374 1172 377 Ἴ
1261 309 1322 358 xm

115 463 152 526 ut
174 482 247 527 eum
270 483 309 526 ex
331 459 493 527 Vaticano
515 449 712 547 descriptum
727 483 795 527 esse
811 459 1013 528 Schwarzius
1028 462 1154 530 dixerit.
1177 462 1234 529 sed
1250 485 1323 529 cum

115 563 198 630 liber
220 565 366 650 quamuis
388 564 678 652 neglegentissime
700 564 840 649 scriptus
854 564 967 648 paucis
986 567 1094 631 tamen
1111 565 1191 632 locis
1213 586 1323 632 veram
1458 577 1459 580 ’

114 667 308 753 scripturam
331 667 366 732 in
388 666 549 733 Vaticano
573 670 775 752 corruptam,
805 688 887 752 quae
909 667 1039 753 quidem
1068 670 1254 736 coniectura
1274 691 1323 737 re·

114 769 206 835 stitui
228 792 295 834 non
323 772 466 854 poterat,
497 769 673 835 servaverit
699 769 881 855 integram,
910 769 1014 854 qualis
1041 771 1076 835 in
1105 772 1177 837 aliis
1198 793 1324 858 quoque

113 871 206 937 libris
228 871 410 955 invenitur,
433 893 501 938 non
524 872 612 938 hunc
635 893 673 936 ex
696 871 752 937 illo
774 871 924 957 ductum,
948 873 1004 938 sed
1020 874 1157 939 eundem
1181 875 1323 941 codicem

113 975 222 1061 potius
251 966 292 1038 ab
322 973 426 1039 altero
451 971 585 1041 librario
611 975 801 1062 diligenter,
833 973 875 1040 ab
901 976 1004 1042 altero
1032 977 1245 1063 neglegenter
1272 1001 1324 1044 ex·

114 1078 272 1162 scriptum
295 1096 364 1140 esse
386 1075 539 1143 dicemus,
578 1069 675 1143 simili
691 1078 847 1161 societate
868 1077 956 1143 inter
979 1099 1013 1143 se
1026 1079 1141 1145 conexi
1163 1084 1240 1145 sunt
1262 1079 1324 1146 duo

113 1177 190 1242 libri
211 1176 475 1243 Vindobonensis
499 1184 532 1244 et
554 1179 778 1264 Monacensis,
811 1201 946 1264 quorum
975 1181 1003 1245 is
1025 1183 1075 1246 est
1102 1181 1201 1246 etiam
1223 1182 1259 1248 in
1280 1181 1323 1247 le·

114 1279 253 1344 vissimis
280 1280 472 1365 quibusdam
501 1283 662 1348 erroribus
690 1304 885 1366 consensus,
918 1286 955 1347 ut
978 1304 1017 1347 ex
1044 1283 1154 1348 eodem
1176 1285 1324 1370 exemplo

112 1384 284 1468 utrumque
307 1404 492 1468 expressum
516 1407 585 1450 esse
607 1385 704 1471 plane
720 1372 890 1470 appareat,
919 1384 1004 1470 quod
1020 1385 1200 1470 exemplum
1217 1387 1323 1473 ipsum
1396 1387 1401 1400 '

112 1506 241 1569 quoque
266 1506 333 1550 non
363 1486 410 1551 ita
438 1488 589 1573 grauiter
622 1488 889 1573 interpolatorum
925 1487 1033 1554 studio
1068 1492 1270 1574 corruptum,
1304 1511 1325 1555 a

112 1585 281 1654 Vaticano
296 1591 408 1654 tamen
431 1589 545 1682 codice
568 1611 627 1675 pro
656 1591 817 1658 commoni
839 1588 968 1675 quidem
995 1590 1140 1659 omnium
1167 1584 1324 1660 librorum

111 1690 240 1777 origine
262 1692 342 1757 satis
365 1691 527 1757 diversum
548 1693 667 1760 fuitet
688 1693 888 1778 multaquae
908 1691 942 1757 in
972 1691 1028 1757 illo
1056 1698 1207 1779 corrupta
1230 1698 1324 1766 eraut
1457 1744 1458 1747 ,

111 1797 201 1858 recte
224 1794 345 1878 scripta
366 1793 491 1859 habuit.
527 1795 662 1859 eandem
684 1794 753 1859 fere
776 1795 985 1879 scripturam,
1009 1792 1120 1859 multis
1143 1795 1233 1862 illam
1254 1798 1324 1884 qui-

112 1896 187 1960 dem
210 1895 516 1981 interpolationibus
545 1897 771 1982 depravatam,
801 1896 903 1962 refert
932 1895 1183 1964 Mediolanensis
1211 1899 1321 1966 codex.

113 1999 459 2084 Augustanusautem
488 2003 522 2064 et
544 1999 802 2086 Caroliruhensis
835 2000 922 2064 inter
949 2002 1119 2084 utramque
1147 2001 1323 2069 lectionem

112 2101 232 2167 incerti
261 2101 355 2166 modo
377 2101 463 2168 hanc
486 2103 581 2167 modo
602 2103 692 2167 illam
716 2106 877 2186 secuntur,
900 2102 955 2166 sed
979 2107 1147 2186 praeterea
1168 2105 1324 2171 multost
1428 2125 1430 2129 ·

112 2203 231 2269 diuersi
259 2204 389 2290 generis
418 2205 499 2270 vitia
519 2209 705 2291 traxerunt,
734 2227 870 2290 quorum
899 2203 964 2269 alia
986 2206 1151 2290 utriusque
1184 2228 1323 2273 commu·
1440 2215 1447 2223 ’

111 2306 170 2371 nia
199 2309 290 2391 sunt,
320 2306 390 2372 alia
406 2295 504 2372 unius
524 2308 680 2394 cuiusque
707 2309 849 2394 propria.
888 2307 998 2391 itaque
1021 2306 1144 2373 duobus
1167 2311 1323 2396 exemplis
1359 2319 1361 2322 ’
1443 2314 1445 2318 ’

111 2409 305 2474 σΙὶιηνθῐιιε
335 2409 556 2495 archetypum·
582 2409 778 2500 descriptum
806 2412 871 2494 est,
907 2430 1041 2494 quorum
1070 2410 1206 2475 alterum
1228 2412 1336 2483 nobis

110 2510 292 2578 Vaticanus
309 2512 408 2578 codex
424 2513 657 2598 repraesentat,
675 2500 822 2596 alterum,
840 2498 923 2596 quod
937 2499 1012 2575 olim
1027 2510 1210 2578 Florentiae
1222 2513 1323 2581 fuisse

110 2613 307 2700 subscriptio
336 2613 600 2680 Vindobonensis
623 2615 702 2679 libri
726 2615 838 2698 docet,
877 2617 910 2678 et
936 2613 1031 2678 huius
1058 2617 1092 2680 et
1113 2613 1320 2683 Monacensis
1377 2669 1378 2673 ,

109 2717 210 2782 lectio
237 2717 348 2783 refert.
388 2717 502 2804 reliqui
531 2721 644 2803 utpote
665 2717 797 2783 inscitia
820 2722 853 2781 et
885 2715 1018 2801 ignavia
1046 2716 1249 2783 librariorum
1271 2719 1323 2785 uel

13 2841 19 2846 ·
108 2821 296 2885 temeritate
323 2821 590 2906 interpolatorum
613 2820 780 2906 depravati
804 2819 963 2884 minorem
988 2817 1085 2883 fidem
1106 2819 1240 2885 habent.
1318 2847 1321 2852 ·

198 2919 289 2988 Haec
300 2923 449 3005 sufficere
472 2923 566 2989 credo
588 2928 626 2989 ut
648 2927 680 2988 et
703 2924 742 2988 de
753 2923 794 2988 iis
809 2921 973 2987 codicibus
992 2942 1071 3005 quos
1093 2920 1164 3007 ipse
1175 2921 1274 2988 h'abui
1290 2928 1323 2990 et

110 3025 152 3089 ele
174 3024 214 3090 iis
236 3035 315 3112 quos
339 3025 393 3090 alii
409 3030 608 3111 usurparunt
629 3029 717 3101 reete
732 3025 901 3090 iudicetur.
939 3024 1065 3106 namin
1083 3028 1188 3090 certas
1204 3025 1322 3117 classes

110 3127 305 3193 distribuere
333 3127 433 3193 libros
462 3129 575 3214 quinto
604 3130 727 3193 decimo
756 3126 883 3192 saeculo
910 3148 950 3191 ex
977 3147 1042 3191 uno
1070 3128 1246 3213 archetypo
1268 3128 1321 3194 de·

109 3229 249 3315 scriptos
273 3251 378 3317 neque
402 3235 471 3296 tam
493 3236 626 3317 propter
648 3231 867 3296 diversitatem
884 3229 1012 3315 stirpis,
1036 3250 1117 3314 quae
1140 3230 1231 3295 nulla
1252 3231 1322 3297 fere

109 3334 177 3416 est,
201 3354 298 3418 quam
321 3337 462 3420 propter
476 3334 690 3400 librariorum.
709 3337 742 3399 et
763 3331 1032 3418 interpolatorum
1054 3331 1171 3397 menda
1192 3333 1226 3397 in
1250 3333 1322 3398 aliis
1412 3401 1416 3407 ,

108 3434 331 3520 frequentius,
354 3437 390 3501 in
415 3436 488 3502 aliis
511 3437 615 3501 rarius
639 3436 778 3501 admissa
800 3437 888 3501 inter
916 3456 957 3501 se
973 3434 1203 3501 dissentientes
1224 3437 1322 3504 inane

107 3536 299 3624 plerumque
328 3541 364 3602 et
387 3554 510 3624 parunt*¹
529 3538 731 3604 fructuosum
760 3536 928 3622 negotium
957 3539 1016 3601 ast.
1057 3537 1188 3621 primusi
1214 3541 1329 3604 autem·
1419 3551 1420 3554 ’

109 3639 353 3706 Franciscus
386 3634 633 3707 Puteolanus
668 3663 744 3706 usus
779 3640 887 3705 codiee
921 3640 1028 3724 aliquo
1059 3640 1256 3726 interpolato
1289 3648 1322 3708 ct

108 3741 348 3808 Mediolanensi
380 3744 520 3809 maxime
553 3743 650 3809 simili
682 3744 862 3809 orationem
891 3741 990 3807 Plinii
1024 3743 1126 3808 edidit
1152 3765 1219 3808 una
1249 3766 1320 3810 cum

108 3844 242 3930 reliquis
276 3847 483 3933 panegyricis
517 3847 643 3912 adiecto
672 3845 779 3911 Taciti
811 3845 895 3910 libro
924 3845 962 3909 de
991 3844 1060 3909 vita
1087 3845 1261 3932 Agricolae
1289 3850 1323 3912 et

107 3948 298 4034 fragmento
319 3948 465 4014 Petronii
489 3950 559 4014 sine
581 3947 645 4013 loci
668 3952 701 4013 et
722 3948 802 4013 anni
824 3947 945 4012 indicio
962 3946 1153 4032 Mediolani,
1177 3950 1215 4022 ut
1236 3950 1321 4016 vide·

107 4054 181 4134 tur,
210 4072 240 4115 a.
266 4050 365 4116 1482..
393 4050 479 4116 hanc
503 4052 677 4117 editionem
707 4051 809 4117 secuti
839 4054 916 4115 sunt
938 4048 1115 4115 Beroaldus
1137 4050 1320 4118 Catenaeus

108 4153 230 4238 Aldus,
255 4154 309 4240 qui
331 4155 486 4239 proximis
510 4155 604 4220 annis
634 4177 707 4220 cum
730 4153 877 4241 epistulis
900 4152 999 4218 Plinii
1023 4153 1229 4219 coniunctam
1251 4177 1321 4220 ora·

108 4256 233 4322 tionem
267 4255 436 4321 ediderunt
460 4260 492 4322 et
522 4258 625 4323 multa
661 4257 865 4341 coniectura,
900 4278 967 4321 non
995 4277 1095 4319 manu
1128 4259 1321 4344 scriptorum

107 4359 266 4425 librorum
296 4360 490 4426 auctoritate
518 4364 736 4426 mutarerunt.
770 4383 812 4425 ne
834 4359 1013 4426 Ioannes
1042 4358 1320 4444 cuspinianus

108 4461 250 4549 quidem,
263 4461 354 4527 cuius
368 4483 466 4548 opera
479 4466 614 4530 correcti
630 4464 820 4551 panegyrici
836 4463 914 4530 editi
927 4465 1002 4528 sunt
1011 4459 1160 4527 Viennae
1177 4485 1205 4528 a.
1225 4463 1318 4545 1513,

109 4565 259 4631 meliores
283 4564 425 4652 codices,
450 4589 548 4653 quam
570 4567 686 4654 quibus
708 4588 796 4633 nunc
822 4566 956 4650 utimur,
980 4563 1113 4649 habuit3
1135 4587 1239 4652 neque
1261 4564 1320 4630 fal-
