<?xml version="1.0" encoding="UTF-8"?>
<!DOCTYPE html PUBLIC "-//W3C//DTD XHTML 1.0 Transitional//EN"
    "http://www.w3.org/TR/xhtml1/DTD/xhtml1-transitional.dtd">
<html xmlns="http://www.w3.org/1999/xhtml" xml:lang="en" lang="en">
 <head>
  <title>
</title>
<meta http-equiv="Content-Type" content="text/html;charset=utf-8" />
  <meta name='ocr-system' content='tesseract 3.04.00' />
  <meta name='ocr-capabilities' content='ocr_page ocr_carea ocr_par ocr_line ocrx_word'/>
</head>
<body>
  <div class='ocr_page' id='page_1' title='image "./cplinicaecilise00plingoog_0379.png"; bbox 0 0 2934 4966; ppageno 0'>
   <div class='ocr_carea' id='block_1_1' title="bbox 151 275 831 381">
    <p class='ocr_par' dir='ltr' id='par_1_1' title="bbox 151 275 831 381">
     <span class='ocr_line' id='line_1_1' title="bbox 151 275 831 381; baseline 0 -43"><span class='ocrx_word' id='word_1_1' title='bbox 151 275 260 341; x_wconf 58' lang='lat' dir='ltr'><strong>324st</strong></span> <span class='ocrx_word' id='word_1_2' title='bbox 679 287 712 338; x_wconf 80' lang='lat' dir='ltr'><strong>c,</strong></span> <span class='ocrx_word' id='word_1_3' title='bbox 735 289 831 381; x_wconf 70' lang='grc'><strong>111111</strong></span> 
     </span>
    </p>
   </div>
   <div class='ocr_carea' id='block_1_2' title="bbox 39 371 1398 3311">
    <p class='ocr_par' dir='ltr' id='par_1_2' title="bbox 151 371 1398 817">
     <span class='ocr_line' id='line_1_2' title="bbox 151 371 1357 541; baseline 0.003 -33"><span class='ocrx_word' id='word_1_4' title='bbox 151 442 296 508; x_wconf 83' lang='lat' dir='ltr'><strong>stitistis:</strong></span> <span class='ocrx_word' id='word_1_5' title='bbox 324 440 379 506; x_wconf 89' lang='lat' dir='ltr'><strong>ille</strong></span> <span class='ocrx_word' id='word_1_6' title='bbox 400 371 493 541; x_wconf 90' lang='lat' dir='ltr'><strong>tibi</strong></span> <span class='ocrx_word' id='word_1_7' title='bbox 464 443 655 526; x_wconf 85' lang='lat' dir='ltr'><strong>rmpcrium</strong></span> <span class='ocrx_word' id='word_1_8' title='bbox 677 443 786 529; x_wconf 85' lang='lat' dir='ltr'><strong>dedit,</strong></span> <span class='ocrx_word' id='word_1_9' title='bbox 751 446 849 510; x_wconf 89' lang='lat' dir='ltr'><strong>ttu</strong></span> <span class='ocrx_word' id='word_1_10' title='bbox 875 443 925 510; x_wconf 92' lang='lat' dir='ltr'><strong>illi</strong></span> <span class='ocrx_word' id='word_1_11' title='bbox 946 442 1126 511; x_wconf 71' lang='lat' dir='ltr'><strong>reddidisti</strong></span> <span class='ocrx_word' id='word_1_12' title='bbox 1165 440 1270 511; x_wconf 83' lang='lat' dir='ltr'><strong>solus</strong></span> <span class='ocrx_word' id='word_1_13' title='bbox 1282 466 1357 533; x_wconf 84' lang='lat' dir='ltr'><strong>ergo</strong></span> 
     </span>
     <span class='ocr_line' id='line_1_3' title="bbox 152 543 1356 635; baseline 0.003 -25"><span class='ocrx_word' id='word_1_14' title='bbox 152 546 192 610; x_wconf 85' lang='lat' dir='ltr'><strong>ad</strong></span> <span class='ocrx_word' id='word_1_15' title='bbox 219 544 283 609; x_wconf 89' lang='lat' dir='ltr'><strong>boc</strong></span> <span class='ocrx_word' id='word_1_16' title='bbox 311 543 382 608; x_wconf 81' lang='lat' dir='ltr'><strong>aevi</strong></span> <span class='ocrx_word' id='word_1_17' title='bbox 410 565 469 628; x_wconf 95' lang='lat' dir='ltr'><strong>pro</strong></span> <span class='ocrx_word' id='word_1_18' title='bbox 498 567 631 611; x_wconf 84' lang='lat' dir='ltr'><strong>munere</strong></span> <span class='ocrx_word' id='word_1_19' title='bbox 658 549 753 612; x_wconf 87' lang='lat' dir='ltr'><strong>tanto</strong></span> <span class='ocrx_word' id='word_1_20' title='bbox 773 548 867 632; x_wconf 87' lang='lat' dir='ltr'><strong>paria</strong></span> <span class='ocrx_word' id='word_1_21' title='bbox 889 547 1078 632; x_wconf 88' lang='lat' dir='ltr'><strong>accipiendo</strong></span> <span class='ocrx_word' id='word_1_22' title='bbox 1099 546 1226 635; x_wconf 84' lang='lat' dir='ltr'><strong>fecisti,</strong></span> <span class='ocrx_word' id='word_1_23' title='bbox 1259 549 1356 614; x_wconf 91' lang='lat' dir='ltr'><strong>immo</strong></span> 
     </span>
     <span class='ocr_line' id='line_1_4' title="bbox 151 600 1355 737; baseline 0.005 -25"><span class='ocrx_word' id='word_1_24' title='bbox 151 648 237 713; x_wconf 90' lang='lat' dir='ltr'><strong>ultro</strong></span> <span class='ocrx_word' id='word_1_25' title='bbox 258 647 390 712; x_wconf 80' lang='lat' dir='ltr'><strong>dantem</strong></span> <span class='ocrx_word' id='word_1_26' title='bbox 404 646 574 733; x_wconf 77' lang='lat' dir='ltr'>obligasti:</span> <span class='ocrx_word' id='word_1_27' title='bbox 598 633 835 716; x_wconf 89' lang='lat' dir='ltr'><strong>communicato</strong></span> <span class='ocrx_word' id='word_1_28' title='bbox 850 651 938 716; x_wconf 90' lang='lat' dir='ltr'><strong>enim</strong></span> <span class='ocrx_word' id='word_1_29' title='bbox 959 650 1096 737; x_wconf 87' lang='lat' dir='ltr'><strong>imperio</strong></span> <span class='ocrx_word' id='word_1_30' title='bbox 1117 600 1292 718; x_wconf 80' lang='lat' dir='ltr'><strong>sollicitior</strong></span> <span class='ocrx_word' id='word_1_31' title='bbox 1311 654 1355 737; x_wconf 81' lang='lat' dir='ltr'><strong>tu,</strong></span> 
     </span>
     <span class='ocr_line' id='line_1_5' title="bbox 151 749 1398 817; baseline 0 -1"><span class='ocrx_word' id='word_1_32' title='bbox 151 750 206 816; x_wconf 87' lang='lat' dir='ltr'><strong>ille</strong></span> <span class='ocrx_word' id='word_1_33' title='bbox 228 750 371 816; x_wconf 85' lang='lat' dir='ltr'><strong>securior</strong></span> <span class='ocrx_word' id='word_1_34' title='bbox 391 749 499 816; x_wconf 81' lang='lat' dir='ltr'><strong>factus</strong></span> <span class='ocrx_word' id='word_1_35' title='bbox 523 757 582 817; x_wconf 85' lang='lat' dir='ltr'><strong>est.</strong></span> <span class='ocrx_word' id='word_1_36' title='bbox 891 781 893 784; x_wconf 46' lang='lat'><em>⁴</em></span> <span class='ocrx_word' id='word_1_37' title='bbox 1395 800 1398 805; x_wconf 58' lang='grc'><strong><em>»</em></strong></span> 
     </span>
    </p>

    <p class='ocr_par' dir='ltr' id='par_1_3' title="bbox 122 851 1377 942">
     <span class='ocr_line' id='line_1_6' title="bbox 122 851 1377 942; baseline -0.001 -23"><span class='ocrx_word' id='word_1_38' title='bbox 122 855 141 919; x_wconf 78' lang='grc'>7</span> <span class='ocrx_word' id='word_1_39' title='bbox 238 851 265 919; x_wconf 96' lang='lat'>0</span> <span class='ocrx_word' id='word_1_40' title='bbox 287 873 407 918; x_wconf 84' lang='lat' dir='ltr'><strong>novum</strong></span> <span class='ocrx_word' id='word_1_41' title='bbox 422 856 519 939; x_wconf 87' lang='lat' dir='ltr'><strong>atque</strong></span> <span class='ocrx_word' id='word_1_42' title='bbox 541 853 724 920; x_wconf 87' lang='lat' dir='ltr'><strong>inauditum</strong></span> <span class='ocrx_word' id='word_1_43' title='bbox 742 855 784 920; x_wconf 88' lang='lat' dir='ltr'><strong>ad</strong></span> <span class='ocrx_word' id='word_1_44' title='bbox 798 855 1018 940; x_wconf 80' lang='lat' dir='ltr'><strong>principatum</strong></span> <span class='ocrx_word' id='word_1_45' title='bbox 1039 855 1118 920; x_wconf 88' lang='lat' dir='ltr'><strong>iter!</strong></span> <span class='ocrx_word' id='word_1_46' title='bbox 1141 876 1210 921; x_wconf 90' lang='lat' dir='ltr'><strong>non</strong></span> <span class='ocrx_word' id='word_1_47' title='bbox 1230 858 1266 923; x_wconf 85' lang='lat' dir='ltr'><strong>tc</strong></span> <span class='ocrx_word' id='word_1_48' title='bbox 1287 877 1377 942; x_wconf 75' lang='lat' dir='ltr'><strong>pros</strong></span> 
     </span>
    </p>

    <p class='ocr_par' dir='ltr' id='par_1_4' title="bbox 67 955 1390 1455">
     <span class='ocr_line' id='line_1_7' title="bbox 67 955 1357 1044; baseline 0.002 -23"><span class='ocrx_word' id='word_1_49' title='bbox 67 1031 73 1040; x_wconf 30' lang='lat'>¹</span> <span class='ocrx_word' id='word_1_50' title='bbox 149 957 222 1044; x_wconf 87' lang='lat' dir='ltr'><strong>pria</strong></span> <span class='ocrx_word' id='word_1_51' title='bbox 237 955 413 1041; x_wconf 73' lang='lat' dir='ltr'><strong>cupiditas,</strong></span> <span class='ocrx_word' id='word_1_52' title='bbox 438 956 588 1042; x_wconf 87' lang='lat' dir='ltr'><strong>proprius</strong></span> <span class='ocrx_word' id='word_1_53' title='bbox 602 959 723 1041; x_wconf 88' lang='lat' dir='ltr'><strong>metus,</strong></span> <span class='ocrx_word' id='word_1_54' title='bbox 747 957 804 1024; x_wconf 88' lang='lat' dir='ltr'><strong>sed</strong></span> <span class='ocrx_word' id='word_1_55' title='bbox 818 958 926 1024; x_wconf 85' lang='lat' dir='ltr'><strong>aliena</strong></span> <span class='ocrx_word' id='word_1_56' title='bbox 948 957 1074 1024; x_wconf 87' lang='lat' dir='ltr'><strong>utilitas</strong></span> <span class='ocrx_word' id='word_1_57' title='bbox 1080 1007 1091 1043; x_wconf 95' lang='lat'><strong>,</strong></span> <span class='ocrx_word' id='word_1_58' title='bbox 1114 957 1240 1024; x_wconf 89' lang='lat' dir='ltr'><strong>alienus</strong></span> <span class='ocrx_word' id='word_1_59' title='bbox 1263 959 1357 1026; x_wconf 88' lang='lat' dir='ltr'><strong>timor</strong></span> 
     </span>
     <span class='ocr_line' id='line_1_8' title="bbox 149 1059 1355 1148; baseline 0 -22"><span class='ocrx_word' id='word_1_60' title='bbox 149 1060 332 1148; x_wconf 88' lang='lat' dir='ltr'><strong>principem</strong></span> <span class='ocrx_word' id='word_1_61' title='bbox 353 1059 444 1125; x_wconf 88' lang='lat' dir='ltr'><strong>fecit.</strong></span> <span class='ocrx_word' id='word_1_62' title='bbox 477 1059 617 1124; x_wconf 83' lang='lat' dir='ltr'><strong>videaris</strong></span> <span class='ocrx_word' id='word_1_63' title='bbox 638 1059 717 1125; x_wconf 88' lang='lat' dir='ltr'><strong>licet</strong></span> <span class='ocrx_word' id='word_1_64' title='bbox 737 1061 822 1146; x_wconf 93' lang='lat' dir='ltr'><strong>quod</strong></span> <span class='ocrx_word' id='word_1_65' title='bbox 843 1064 894 1126; x_wconf 87' lang='lat' dir='ltr'><strong>est</strong></span> <span class='ocrx_word' id='word_1_66' title='bbox 908 1061 1144 1146; x_wconf 88' lang='lat' dir='ltr'><strong>amplissimum</strong></span> <span class='ocrx_word' id='word_1_67' title='bbox 1166 1064 1355 1127; x_wconf 86' lang='lat' dir='ltr'><strong>consecutus</strong></span> 
     </span>
     <span class='ocr_line' id='line_1_9' title="bbox 149 1161 1356 1249; baseline 0 -20"><span class='ocrx_word' id='word_1_68' title='bbox 149 1163 238 1229; x_wconf 86' lang='lat' dir='ltr'><strong>inter</strong></span> <span class='ocrx_word' id='word_1_69' title='bbox 251 1163 415 1245; x_wconf 87' lang='lat' dir='ltr'><strong>homines,</strong></span> <span class='ocrx_word' id='word_1_70' title='bbox 438 1161 565 1227; x_wconf 87' lang='lat' dir='ltr'><strong>felicius</strong></span> <span class='ocrx_word' id='word_1_71' title='bbox 587 1165 699 1227; x_wconf 85' lang='lat' dir='ltr'><strong>tamen</strong></span> <span class='ocrx_word' id='word_1_72' title='bbox 714 1166 784 1228; x_wconf 87' lang='lat' dir='ltr'><strong>erat</strong></span> <span class='ocrx_word' id='word_1_73' title='bbox 804 1161 884 1228; x_wconf 89' lang='lat' dir='ltr'><strong>illud</strong></span> <span class='ocrx_word' id='word_1_74' title='bbox 899 1163 983 1249; x_wconf 90' lang='lat' dir='ltr'><strong>quod</strong></span> <span class='ocrx_word' id='word_1_75' title='bbox 997 1162 1174 1249; x_wconf 90' lang='lat' dir='ltr'><strong>reliquisti:</strong></span> <span class='ocrx_word' id='word_1_76' title='bbox 1196 1163 1258 1230; x_wconf 87' lang='lat' dir='ltr'><strong>sub</strong></span> <span class='ocrx_word' id='word_1_77' title='bbox 1274 1163 1356 1230; x_wconf 88' lang='lat' dir='ltr'><strong>bono</strong></span> 
     </span>
     <span class='ocr_line' id='line_1_10' title="bbox 149 1265 1356 1352; baseline 0 -20"><span class='ocrx_word' id='word_1_78' title='bbox 149 1266 297 1352; x_wconf 87' lang='lat' dir='ltr'><strong>principe</strong></span> <span class='ocrx_word' id='word_1_79' title='bbox 312 1268 460 1352; x_wconf 85' lang='lat' dir='ltr'><strong>privatus</strong></span> <span class='ocrx_word' id='word_1_80' title='bbox 475 1287 545 1331; x_wconf 89' lang='lat' dir='ltr'><strong>esse</strong></span> <span class='ocrx_word' id='word_1_81' title='bbox 560 1265 681 1332; x_wconf 87' lang='lat' dir='ltr'><strong>desisti.</strong></span> <span class='ocrx_word' id='word_1_82' title='bbox 707 1265 897 1351; x_wconf 79' lang='lat' dir='ltr'><strong>adsumptus</strong></span> <span class='ocrx_word' id='word_1_83' title='bbox 920 1287 954 1331; x_wconf 91' lang='lat' dir='ltr'><strong>es</strong></span> <span class='ocrx_word' id='word_1_84' title='bbox 975 1266 1012 1331; x_wconf 91' lang='lat' dir='ltr'><strong>in</strong></span> <span class='ocrx_word' id='word_1_85' title='bbox 1029 1265 1179 1332; x_wconf 83' lang='lat' dir='ltr'><strong>laborum</strong></span> <span class='ocrx_word' id='word_1_86' title='bbox 1194 1287 1356 1332; x_wconf 86' lang='lat' dir='ltr'><strong>curarum·</strong></span> 
     </span>
     <span class='ocr_line' id='line_1_11' title="bbox 150 1367 1390 1455; baseline -0.004 -20"><span class='ocrx_word' id='word_1_87' title='bbox 150 1390 212 1455; x_wconf 90' lang='lat' dir='ltr'><strong>que</strong></span> <span class='ocrx_word' id='word_1_88' title='bbox 241 1368 456 1450; x_wconf 80' lang='lat' dir='ltr'><strong>consortium,</strong></span> <span class='ocrx_word' id='word_1_89' title='bbox 486 1389 547 1432; x_wconf 90' lang='lat' dir='ltr'><strong>nec</strong></span> <span class='ocrx_word' id='word_1_90' title='bbox 574 1372 608 1432; x_wconf 89' lang='lat' dir='ltr'><strong>te</strong></span> <span class='ocrx_word' id='word_1_91' title='bbox 634 1388 791 1454; x_wconf 88' lang='lat' dir='ltr'><strong>prospera</strong></span> <span class='ocrx_word' id='word_1_92' title='bbox 818 1372 853 1435; x_wconf 91' lang='lat' dir='ltr'><strong>et</strong></span> <span class='ocrx_word' id='word_1_93' title='bbox 878 1367 966 1435; x_wconf 86' lang='lat' dir='ltr'><strong>laeta</strong></span> <span class='ocrx_word' id='word_1_94' title='bbox 992 1368 1145 1434; x_wconf 81' lang='lat' dir='ltr'><strong>stationis</strong></span> <span class='ocrx_word' id='word_1_95' title='bbox 1166 1369 1279 1454; x_wconf 88' lang='lat' dir='ltr'><strong>istius,</strong></span> <span class='ocrx_word' id='word_1_96' title='bbox 1302 1368 1390 1434; x_wconf 80' lang='lat' dir='ltr'><strong>cedro</strong></span> 
     </span>
    </p>

    <p class='ocr_par' dir='ltr' id='par_1_5' title="bbox 63 1468 1357 1671">
     <span class='ocr_line' id='line_1_12' title="bbox 63 1468 1357 1558; baseline -0.001 -21"><span class='ocrx_word' id='word_1_97' title='bbox 63 1535 68 1546; x_wconf 85' lang='grc'><strong>,</strong></span> <span class='ocrx_word' id='word_1_98' title='bbox 152 1492 269 1557; x_wconf 88' lang='lat' dir='ltr'><strong>aspera</strong></span> <span class='ocrx_word' id='word_1_99' title='bbox 290 1474 324 1536; x_wconf 91' lang='lat' dir='ltr'><strong>et</strong></span> <span class='ocrx_word' id='word_1_100' title='bbox 345 1471 425 1536; x_wconf 87' lang='lat' dir='ltr'><strong>dura</strong></span> <span class='ocrx_word' id='word_1_101' title='bbox 448 1470 489 1535; x_wconf 91' lang='lat' dir='ltr'><strong>ad</strong></span> <span class='ocrx_word' id='word_1_102' title='bbox 505 1468 735 1556; x_wconf 84' lang='lat' dir='ltr'><strong>capessendam</strong></span> <span class='ocrx_word' id='word_1_103' title='bbox 755 1491 828 1536; x_wconf 89' lang='lat' dir='ltr'><strong>eam</strong></span> <span class='ocrx_word' id='word_1_104' title='bbox 842 1471 1084 1556; x_wconf 81' lang='lat' dir='ltr'><strong>compulenmt:</strong></span> <span class='ocrx_word' id='word_1_105' title='bbox 1106 1471 1279 1558; x_wconf 84' lang='lat' dir='ltr'><strong>suscepisti</strong></span> <span class='ocrx_word' id='word_1_106' title='bbox 1299 1471 1357 1536; x_wconf 92' lang='lat' dir='ltr'><strong>im·</strong></span> 
     </span>
     <span class='ocr_line' id='line_1_13' title="bbox 151 1572 1357 1671; baseline 0.001 -32"><span class='ocrx_word' id='word_1_107' title='bbox 151 1574 277 1660; x_wconf 84' lang='lat' dir='ltr'><strong>perium</strong></span> <span class='ocrx_word' id='word_1_108' title='bbox 283 1624 293 1657; x_wconf 94' lang='lat'><strong>,</strong></span> <span class='ocrx_word' id='word_1_109' title='bbox 315 1576 486 1660; x_wconf 87' lang='lat' dir='ltr'><strong>postquam</strong></span> <span class='ocrx_word' id='word_1_110' title='bbox 502 1572 601 1637; x_wconf 90' lang='lat' dir='ltr'><strong>alium</strong></span> <span class='ocrx_word' id='word_1_111' title='bbox 616 1573 760 1671; x_wconf 85' lang='lat' dir='ltr'><strong>suscepti</strong></span> <span class='ocrx_word' id='word_1_112' title='bbox 773 1572 973 1658; x_wconf 86' lang='lat' dir='ltr'><strong>paenitebat.</strong></span> <span class='ocrx_word' id='word_1_113' title='bbox 1007 1572 1099 1639; x_wconf 86' lang='lat' dir='ltr'><strong>nulls</strong></span> <span class='ocrx_word' id='word_1_114' title='bbox 1121 1572 1269 1659; x_wconf 88' lang='lat' dir='ltr'><strong>adoptati</strong></span> <span class='ocrx_word' id='word_1_115' title='bbox 1284 1595 1357 1640; x_wconf 89' lang='lat' dir='ltr'><strong>cum</strong></span> 
     </span>
    </p>

    <p class='ocr_par' dir='ltr' id='par_1_6' title="bbox 136 1674 1390 1968">
     <span class='ocr_line' id='line_1_14' title="bbox 136 1674 1357 1765; baseline -0.002 -21"><span class='ocrx_word' id='word_1_116' title='bbox 136 1698 189 1744; x_wconf 91' lang='lat' dir='ltr'><strong>·eo</strong></span> <span class='ocrx_word' id='word_1_117' title='bbox 210 1678 266 1763; x_wconf 91' lang='lat' dir='ltr'><strong>qui</strong></span> <span class='ocrx_word' id='word_1_118' title='bbox 288 1676 465 1763; x_wconf 88' lang='lat' dir='ltr'><strong>adoptabat</strong></span> <span class='ocrx_word' id='word_1_119' title='bbox 487 1675 656 1761; x_wconf 81' lang='lat' dir='ltr'><strong>cognatio,</strong></span> <span class='ocrx_word' id='word_1_120' title='bbox 678 1674 770 1741; x_wconf 90' lang='lat' dir='ltr'><strong>nulla</strong></span> <span class='ocrx_word' id='word_1_121' title='bbox 786 1676 1007 1761; x_wconf 84' lang='lat' dir='ltr'><strong>necessitudo,</strong></span> <span class='ocrx_word' id='word_1_122' title='bbox 1029 1676 1094 1741; x_wconf 87' lang='lat' dir='ltr'><strong>nisi</strong></span> <span class='ocrx_word' id='word_1_123' title='bbox 1115 1676 1201 1762; x_wconf 92' lang='lat' dir='ltr'><strong>quod</strong></span> <span class='ocrx_word' id='word_1_124' title='bbox 1221 1679 1357 1765; x_wconf 86' lang='lat' dir='ltr'><strong>uterque</strong></span> 
     </span>
     <span class='ocr_line' id='line_1_15' title="bbox 149 1771 1356 1865; baseline 0 -20"><span class='ocrx_word' id='word_1_125' title='bbox 149 1780 290 1865; x_wconf 87' lang='lat' dir='ltr'><strong>optimus</strong></span> <span class='ocrx_word' id='word_1_126' title='bbox 313 1783 383 1844; x_wconf 86' lang='lat' dir='ltr'><strong>erat</strong></span> <span class='ocrx_word' id='word_1_127' title='bbox 398 1771 578 1865; x_wconf 82' lang='lat' dir='ltr'><strong>dignusque</strong></span> <span class='ocrx_word' id='word_1_128' title='bbox 600 1776 683 1843; x_wconf 87' lang='lat' dir='ltr'><strong>alter</strong></span> <span class='ocrx_word' id='word_1_129' title='bbox 705 1777 799 1864; x_wconf 82' lang='lat' dir='ltr'><strong>eligi,</strong></span> <span class='ocrx_word' id='word_1_130' title='bbox 824 1778 907 1845; x_wconf 89' lang='lat' dir='ltr'><strong>alter</strong></span> <span class='ocrx_word' id='word_1_131' title='bbox 926 1777 1059 1865; x_wconf 72' lang='lat' dir='ltr'><strong>eligere,</strong></span> <span class='ocrx_word' id='word_1_132' title='bbox 1092 1778 1201 1865; x_wconf 85' lang='lat' dir='ltr'><strong>itaque</strong></span> <span class='ocrx_word' id='word_1_133' title='bbox 1222 1778 1356 1864; x_wconf 88' lang='lat' dir='ltr'><strong>adopta·</strong></span> 
     </span>
     <span class='ocr_line' id='line_1_16' title="bbox 150 1880 1390 1968; baseline -0.002 -20"><span class='ocrx_word' id='word_1_134' title='bbox 150 1884 203 1947; x_wconf 89' lang='lat' dir='ltr'><strong>tus</strong></span> <span class='ocrx_word' id='word_1_135' title='bbox 226 1904 260 1948; x_wconf 88' lang='lat' dir='ltr'><strong>es</strong></span> <span class='ocrx_word' id='word_1_136' title='bbox 287 1903 370 1966; x_wconf 90' lang='lat' dir='ltr'><strong>non,</strong></span> <span class='ocrx_word' id='word_1_137' title='bbox 400 1885 437 1947; x_wconf 91' lang='lat' dir='ltr'><strong>ut</strong></span> <span class='ocrx_word' id='word_1_138' title='bbox 464 1881 553 1968; x_wconf 86' lang='lat' dir='ltr'><strong>prius</strong></span> <span class='ocrx_word' id='word_1_139' title='bbox 575 1880 658 1946; x_wconf 89' lang='lat' dir='ltr'><strong>alius</strong></span> <span class='ocrx_word' id='word_1_140' title='bbox 681 1885 778 1968; x_wconf 90' lang='lat' dir='ltr'><strong>atque</strong></span> <span class='ocrx_word' id='word_1_141' title='bbox 801 1881 901 1966; x_wconf 88' lang='lat' dir='ltr'><strong>alius,</strong></span> <span class='ocrx_word' id='word_1_142' title='bbox 927 1881 964 1949; x_wconf 90' lang='lat' dir='ltr'><strong>in</strong></span> <span class='ocrx_word' id='word_1_143' title='bbox 984 1881 1127 1968; x_wconf 80' lang='lat' dir='ltr'><strong>gratiam</strong></span> <span class='ocrx_word' id='word_1_144' title='bbox 1147 1881 1269 1947; x_wconf 89' lang='lat' dir='ltr'><strong>uxoris.</strong></span> <span class='ocrx_word' id='word_1_145' title='bbox 1302 1881 1356 1947; x_wconf 87' lang='lat' dir='ltr'><strong>ad·</strong></span> <span class='ocrx_word' id='word_1_146' title='bbox 1368 1903 1390 1945; x_wconf 85' lang='lat' dir='ltr'><strong>u</strong></span> 
     </span>
    </p>

    <p class='ocr_par' dir='ltr' id='par_1_7' title="bbox 39 1982 1359 2173">
     <span class='ocr_line' id='line_1_17' title="bbox 39 1982 1357 2075; baseline -0.001 -25"><span class='ocrx_word' id='word_1_147' title='bbox 39 2014 45 2020; x_wconf 93' lang='lat'><strong>·</strong></span> <span class='ocrx_word' id='word_1_148' title='bbox 149 1984 246 2050; x_wconf 84' lang='lat' dir='ltr'><strong>scivit</strong></span> <span class='ocrx_word' id='word_1_149' title='bbox 260 1983 347 2050; x_wconf 86' lang='lat' dir='ltr'><strong>enim</strong></span> <span class='ocrx_word' id='word_1_150' title='bbox 361 1987 394 2073; x_wconf 86' lang='lat' dir='ltr'><strong>te</strong></span> <span class='ocrx_word' id='word_1_151' title='bbox 409 1982 511 2049; x_wconf 90' lang='lat' dir='ltr'><strong>filium</strong></span> <span class='ocrx_word' id='word_1_152' title='bbox 534 2005 600 2049; x_wconf 91' lang='lat' dir='ltr'><strong>uon</strong></span> <span class='ocrx_word' id='word_1_153' title='bbox 614 1983 765 2075; x_wconf 63' lang='lat' dir='ltr'><strong>vitricus,</strong></span> <span class='ocrx_word' id='word_1_154' title='bbox 789 1984 845 2050; x_wconf 89' lang='lat' dir='ltr'><strong>sed</strong></span> <span class='ocrx_word' id='word_1_155' title='bbox 866 1985 1034 2070; x_wconf 89' lang='lat' dir='ltr'><strong>princeps,</strong></span> <span class='ocrx_word' id='word_1_156' title='bbox 1056 1983 1232 2070; x_wconf 88' lang='lat' dir='ltr'><strong>eodemque</strong></span> <span class='ocrx_word' id='word_1_157' title='bbox 1245 1983 1357 2049; x_wconf 85' lang='lat' dir='ltr'><strong>animo</strong></span> 
     </span>
     <span class='ocr_line' id='line_1_18' title="bbox 153 2084 1359 2173; baseline 0.001 -23"><span class='ocrx_word' id='word_1_158' title='bbox 153 2086 244 2150; x_wconf 79' lang='lat' dir='ltr'><strong>divus</strong></span> <span class='ocrx_word' id='word_1_159' title='bbox 267 2084 382 2151; x_wconf 82' lang='lat' dir='ltr'><strong>Nerva</strong></span> <span class='ocrx_word' id='word_1_160' title='bbox 398 2089 492 2172; x_wconf 86' lang='lat' dir='ltr'><strong>pater</strong></span> <span class='ocrx_word' id='word_1_161' title='bbox 513 2089 588 2151; x_wconf 89' lang='lat' dir='ltr'><strong>tuus</strong></span> <span class='ocrx_word' id='word_1_162' title='bbox 610 2085 718 2166; x_wconf 82' lang='lat' dir='ltr'><strong>factus</strong></span> <span class='ocrx_word' id='word_1_163' title='bbox 732 2089 799 2171; x_wconf 88' lang='lat' dir='ltr'><strong>est,</strong></span> <span class='ocrx_word' id='word_1_164' title='bbox 821 2108 885 2173; x_wconf 91' lang='lat' dir='ltr'><strong>quo</strong></span> <span class='ocrx_word' id='word_1_165' title='bbox 906 2090 978 2152; x_wconf 77' lang='lat' dir='ltr'><strong>erat</strong></span> <span class='ocrx_word' id='word_1_166' title='bbox 991 2086 1147 2169; x_wconf 79' lang='lat' dir='ltr'><strong>omnium.</strong></span> <span class='ocrx_word' id='word_1_167' title='bbox 1180 2107 1244 2152; x_wconf 90' lang='lat' dir='ltr'><strong>nec</strong></span> <span class='ocrx_word' id='word_1_168' title='bbox 1265 2085 1359 2152; x_wconf 87' lang='lat' dir='ltr'><strong>decet</strong></span> 
     </span>
    </p>

    <p class='ocr_par' dir='ltr' id='par_1_8' title="bbox 130 2169 1389 2582">
     <span class='ocr_line' id='line_1_19' title="bbox 133 2169 1374 2276; baseline -0.001 -22"><span class='ocrx_word' id='word_1_169' title='bbox 133 2183 534 2276; x_wconf 7' lang='lat' dir='ltr'><strong>,aliterpfiliumadsumss</strong></span> <span class='ocrx_word' id='word_1_170' title='bbox 558 2187 587 2253; x_wconf 90' lang='lat' dir='ltr'><strong>si</strong></span> <span class='ocrx_word' id='word_1_171' title='bbox 608 2169 838 2254; x_wconf 35' lang='lat' dir='ltr'><strong>adsumatur-a</strong></span> <span class='ocrx_word' id='word_1_172' title='bbox 859 2188 1030 2276; x_wconf 72' lang='lat' dir='ltr'><strong>principe.v</strong></span> <span class='ocrx_word' id='word_1_173' title='bbox 1058 2211 1101 2254; x_wconf 81' lang='lat' dir='ltr'><strong>an</strong></span> <span class='ocrx_word' id='word_1_174' title='bbox 1123 2191 1275 2254; x_wconf 86' lang='lat' dir='ltr'><strong>senatum</strong></span> <span class='ocrx_word' id='word_1_175' title='bbox 1301 2207 1374 2273; x_wconf 76' lang='lat' dir='ltr'><strong>po·</strong></span> 
     </span>
     <span class='ocr_line' id='line_1_20' title="bbox 130 2276 1357 2378; baseline 0 -22"><span class='ocrx_word' id='word_1_176' title='bbox 130 2276 326 2376; x_wconf 62' lang='lat' dir='ltr'><strong>&#39;palamque</strong></span> <span class='ocrx_word' id='word_1_177' title='bbox 340 2288 538 2376; x_wconf 83' lang='lat' dir='ltr'><strong>Romanum,</strong></span> <span class='ocrx_word' id='word_1_178' title='bbox 561 2291 737 2378; x_wconf 85' lang='lat' dir='ltr'><strong>exercitus,</strong></span> <span class='ocrx_word' id='word_1_179' title='bbox 759 2292 960 2378; x_wconf 84' lang='lat' dir='ltr'><strong>provincias,</strong></span> <span class='ocrx_word' id='word_1_180' title='bbox 984 2290 1087 2358; x_wconf 88' lang='lat' dir='ltr'><strong>socios</strong></span> <span class='ocrx_word' id='word_1_181' title='bbox 1107 2290 1357 2356; x_wconf 85' lang='lat' dir='ltr'><strong>transmissurus</strong></span> 
     </span>
     <span class='ocr_line' id='line_1_21' title="bbox 152 2390 1389 2483; baseline 0 -24"><span class='ocrx_word' id='word_1_182' title='bbox 152 2395 210 2459; x_wconf 89' lang='lat' dir='ltr'><strong>uni</strong></span> <span class='ocrx_word' id='word_1_183' title='bbox 224 2414 440 2459; x_wconf 85' lang='lat' dir='ltr'><strong>successorem</strong></span> <span class='ocrx_word' id='word_1_184' title='bbox 462 2393 570 2483; x_wconf 78' lang='lat' dir='ltr'><strong>esinu</strong></span> <span class='ocrx_word' id='word_1_185' title='bbox 592 2395 700 2460; x_wconf 70' lang='lat' dir='ltr'><strong>anons</strong></span> <span class='ocrx_word' id='word_1_186' title='bbox 723 2394 865 2480; x_wconf 82' lang='lat' dir='ltr'><strong>accipias</strong></span> <span class='ocrx_word' id='word_1_187' title='bbox 879 2415 1086 2479; x_wconf 89' lang='lat' dir='ltr'><strong>summaeque</strong></span> <span class='ocrx_word' id='word_1_188' title='bbox 1107 2390 1281 2479; x_wconf 85' lang='lat' dir='ltr'><strong>potestatis</strong></span> <span class='ocrx_word' id='word_1_189' title='bbox 1303 2391 1389 2459; x_wconf 71' lang='lat' dir='ltr'><strong>lis-o</strong></span> 
     </span>
     <span class='ocr_line' id='line_1_22' title="bbox 151 2489 1357 2582; baseline -0.002 -20"><span class='ocrx_word' id='word_1_190' title='bbox 151 2496 261 2562; x_wconf 83' lang='lat' dir='ltr'><strong>rodem</strong></span> <span class='ocrx_word' id='word_1_191' title='bbox 282 2498 411 2561; x_wconf 88' lang='lat' dir='ltr'><strong>tantum</strong></span> <span class='ocrx_word' id='word_1_192' title='bbox 432 2495 522 2561; x_wconf 87' lang='lat' dir='ltr'><strong>intra</strong></span> <span class='ocrx_word' id='word_1_193' title='bbox 543 2489 672 2560; x_wconf 90' lang='lat' dir='ltr'><strong>domum</strong></span> <span class='ocrx_word' id='word_1_194' title='bbox 695 2498 785 2561; x_wconf 90' lang='lat' dir='ltr'><strong>tuam</strong></span> <span class='ocrx_word' id='word_1_195' title='bbox 807 2494 967 2582; x_wconf 84' lang='lat' dir='ltr'><strong>quaeras?</strong></span> <span class='ocrx_word' id='word_1_196' title='bbox 987 2517 1056 2562; x_wconf 90' lang='lat' dir='ltr'><strong>non</strong></span> <span class='ocrx_word' id='word_1_197' title='bbox 1074 2497 1180 2562; x_wconf 88' lang='lat' dir='ltr'><strong>totam</strong></span> <span class='ocrx_word' id='word_1_198' title='bbox 1200 2515 1261 2580; x_wconf 90' lang='lat' dir='ltr'><strong>per</strong></span> <span class='ocrx_word' id='word_1_199' title='bbox 1283 2494 1357 2561; x_wconf 82' lang='lat' dir='ltr'><strong>ciri·</strong></span> 
     </span>
    </p>

    <p class='ocr_par' dir='ltr' id='par_1_9' title="bbox 96 2597 1356 2687">
     <span class='ocr_line' id='line_1_23' title="bbox 96 2597 1356 2687; baseline 0 -23"><span class='ocrx_word' id='word_1_200' title='bbox 96 2621 98 2626; x_wconf 71' lang='grc'>’</span> <span class='ocrx_word' id='word_1_201' title='bbox 150 2602 252 2665; x_wconf 89' lang='lat' dir='ltr'><strong>tatem</strong></span> <span class='ocrx_word' id='word_1_202' title='bbox 274 2599 482 2665; x_wconf 85' lang='lat' dir='ltr'><strong>circumferas</strong></span> <span class='ocrx_word' id='word_1_203' title='bbox 504 2599 614 2664; x_wconf 88' lang='lat' dir='ltr'><strong>oculos</strong></span> <span class='ocrx_word' id='word_1_204' title='bbox 637 2601 670 2664; x_wconf 92' lang='lat' dir='ltr'><strong>et</strong></span> <span class='ocrx_word' id='word_1_205' title='bbox 690 2597 865 2687; x_wconf 19' lang='lat' dir='ltr'><strong>huncutibi</strong></span> <span class='ocrx_word' id='word_1_206' title='bbox 886 2598 1086 2683; x_wconf 86' lang='lat' dir='ltr'><strong>proximum,</strong></span> <span class='ocrx_word' id='word_1_207' title='bbox 1114 2597 1203 2663; x_wconf 84' lang='lat' dir='ltr'><strong>hunc</strong></span> <span class='ocrx_word' id='word_1_208' title='bbox 1225 2597 1356 2664; x_wconf 88' lang='lat' dir='ltr'><strong>coniun-</strong></span> 
     </span>
    </p>

    <p class='ocr_par' dir='ltr' id='par_1_10' title="bbox 122 2698 1384 3300">
     <span class='ocr_line' id='line_1_24' title="bbox 122 2698 1357 2787; baseline 0 -20"><span class='ocrx_word' id='word_1_209' title='bbox 122 2777 125 2782; x_wconf 40' lang='grc'>,</span> <span class='ocrx_word' id='word_1_210' title='bbox 151 2700 335 2768; x_wconf 81' lang='lat' dir='ltr'><strong>ctissimum‘</strong></span> <span class='ocrx_word' id='word_1_211' title='bbox 358 2700 538 2785; x_wconf 85' lang='lat' dir='ltr'><strong>existimes,</strong></span> <span class='ocrx_word' id='word_1_212' title='bbox 568 2722 664 2786; x_wconf 88' lang='lat' dir='ltr'><strong>quem</strong></span> <span class='ocrx_word' id='word_1_213' title='bbox 691 2702 864 2787; x_wconf 90' lang='lat' dir='ltr'><strong>optimum,</strong></span> <span class='ocrx_word' id='word_1_214' title='bbox 894 2722 988 2786; x_wconf 83' lang='lat' dir='ltr'><strong>quem</strong></span> <span class='ocrx_word' id='word_1_215' title='bbox 1017 2699 1065 2765; x_wconf 89' lang='lat' dir='ltr'><strong>dis</strong></span> <span class='ocrx_word' id='word_1_216' title='bbox 1086 2698 1289 2765; x_wconf 91' lang='lat' dir='ltr'><strong>simillimum</strong></span> <span class='ocrx_word' id='word_1_217' title='bbox 1309 2700 1357 2767; x_wconf 92' lang='lat' dir='ltr'><strong>in·</strong></span> 
     </span>
     <span class='ocr_line' id='line_1_25' title="bbox 151 2802 1356 2890; baseline -0.002 -20"><span class='ocrx_word' id='word_1_218' title='bbox 151 2804 302 2871; x_wconf 74' lang='lat' dir='ltr'><strong>seueris?</strong></span> <span class='ocrx_word' id='word_1_219' title='bbox 323 2804 539 2889; x_wconf 89' lang='lat' dir='ltr'><strong>imperaturus</strong></span> <span class='ocrx_word' id='word_1_220' title='bbox 554 2803 703 2879; x_wconf 82' lang='lat' dir='ltr'><strong>omnibus</strong></span> <span class='ocrx_word' id='word_1_221' title='bbox 726 2802 804 2890; x_wconf 85' lang='lat' dir='ltr'><strong>eligi</strong></span> <span class='ocrx_word' id='word_1_222' title='bbox 819 2802 915 2868; x_wconf 87' lang='lat' dir='ltr'><strong>debet</strong></span> <span class='ocrx_word' id='word_1_223' title='bbox 937 2825 976 2868; x_wconf 85' lang='lat' dir='ltr'><strong>ex</strong></span> <span class='ocrx_word' id='word_1_224' title='bbox 994 2802 1157 2868; x_wconf 86' lang='lat' dir='ltr'><strong>omnibus:</strong></span> <span class='ocrx_word' id='word_1_225' title='bbox 1180 2823 1249 2868; x_wconf 91' lang='lat' dir='ltr'><strong>non</strong></span> <span class='ocrx_word' id='word_1_226' title='bbox 1270 2803 1356 2868; x_wconf 89' lang='lat' dir='ltr'><strong>enim</strong></span> 
     </span>
     <span class='ocr_line' id='line_1_26' title="bbox 152 2904 1384 2992; baseline -0.002 -18"><span class='ocrx_word' id='word_1_227' title='bbox 152 2905 287 2974; x_wconf 82' lang='lat' dir='ltr'><strong>servulis</strong></span> <span class='ocrx_word' id='word_1_228' title='bbox 309 2906 374 2971; x_wconf 90' lang='lat' dir='ltr'><strong>tuis</strong></span> <span class='ocrx_word' id='word_1_229' title='bbox 390 2906 571 2990; x_wconf 90' lang='lat' dir='ltr'><strong>dominum,</strong></span> <span class='ocrx_word' id='word_1_230' title='bbox 595 2906 758 2992; x_wconf 83' lang='lat' dir='ltr'><strong>utpossis</strong></span> <span class='ocrx_word' id='word_1_231' title='bbox 773 2927 842 2971; x_wconf 86' lang='lat' dir='ltr'><strong>esse</strong></span> <span class='ocrx_word' id='word_1_232' title='bbox 866 2907 1037 2970; x_wconf 87' lang='lat' dir='ltr'><strong>contentus</strong></span> <span class='ocrx_word' id='word_1_233' title='bbox 1060 2904 1153 2991; x_wconf 85' lang='lat' dir='ltr'><strong>quasi</strong></span> <span class='ocrx_word' id='word_1_234' title='bbox 1174 2905 1384 2971; x_wconf 78' lang='lat' dir='ltr'><strong>necessarios</strong></span> 
     </span>
     <span class='ocr_line' id='line_1_27' title="bbox 153 3007 1354 3094; baseline -0.002 -18"><span class='ocrx_word' id='word_1_235' title='bbox 153 3008 288 3094; x_wconf 80' lang='lat' dir='ltr'><strong>herede,</strong></span> <span class='ocrx_word' id='word_1_236' title='bbox 317 3009 373 3074; x_wconf 88' lang='lat' dir='ltr'><strong>sed</strong></span> <span class='ocrx_word' id='word_1_237' title='bbox 394 3009 575 3094; x_wconf 90' lang='lat' dir='ltr'><strong>principem</strong></span> <span class='ocrx_word' id='word_1_238' title='bbox 604 3009 726 3074; x_wconf 86' lang='lat' dir='ltr'><strong>civibus</strong></span> <span class='ocrx_word' id='word_1_239' title='bbox 746 3008 879 3074; x_wconf 89' lang='lat' dir='ltr'><strong>daturus</strong></span> <span class='ocrx_word' id='word_1_240' title='bbox 900 3028 933 3072; x_wconf 88' lang='lat' dir='ltr'><strong>es</strong></span> <span class='ocrx_word' id='word_1_241' title='bbox 960 3007 1145 3093; x_wconf 84' lang='lat' dir='ltr'><strong>imperator.</strong></span> <span class='ocrx_word' id='word_1_242' title='bbox 1183 3007 1354 3093; x_wconf 87' lang='lat' dir='ltr'><strong>superbum</strong></span> 
     </span>
     <span class='ocr_line' id='line_1_28' title="bbox 150 3111 1354 3198; baseline -0.003 -18"><span class='ocrx_word' id='word_1_243' title='bbox 150 3112 237 3180; x_wconf 89' lang='lat' dir='ltr'><strong>istud</strong></span> <span class='ocrx_word' id='word_1_244' title='bbox 264 3115 299 3179; x_wconf 85' lang='lat' dir='ltr'><strong>et</strong></span> <span class='ocrx_word' id='word_1_245' title='bbox 324 3112 467 3198; x_wconf 82' lang='lat' dir='ltr'><strong>regium,</strong></span> <span class='ocrx_word' id='word_1_246' title='bbox 496 3113 561 3178; x_wconf 88' lang='lat' dir='ltr'><strong>nisi</strong></span> <span class='ocrx_word' id='word_1_247' title='bbox 590 3112 723 3197; x_wconf 90' lang='lat' dir='ltr'><strong>adoptes</strong></span> <span class='ocrx_word' id='word_1_248' title='bbox 753 3133 826 3177; x_wconf 89' lang='lat' dir='ltr'><strong>eum</strong></span> <span class='ocrx_word' id='word_1_249' title='bbox 853 3131 948 3196; x_wconf 89' lang='lat' dir='ltr'><strong>quem</strong></span> <span class='ocrx_word' id='word_1_250' title='bbox 975 3113 1103 3176; x_wconf 88' lang='lat' dir='ltr'><strong>constet</strong></span> <span class='ocrx_word' id='word_1_251' title='bbox 1122 3111 1354 3195; x_wconf 86' lang='lat' dir='ltr'><strong>imperaturum</strong></span> 
     </span>
     <span class='ocr_line' id='line_1_29' title="bbox 151 3211 1353 3311; baseline -0.002 -30"><span class='ocrx_word' id='word_1_252' title='bbox 151 3215 266 3300; x_wconf 74' lang='lat' dir='ltr'><strong>fuisse,</strong></span> <span class='ocrx_word' id='word_1_253' title='bbox 290 3214 418 3280; x_wconf 88' lang='lat' dir='ltr'><strong>etiamsi</strong></span> <span class='ocrx_word' id='word_1_254' title='bbox 440 3235 508 3280; x_wconf 91' lang='lat' dir='ltr'><strong>non</strong></span> <span class='ocrx_word' id='word_1_255' title='bbox 530 3214 728 3300; x_wconf 85' lang='lat' dir='ltr'><strong>adoptasses.</strong></span> <span class='ocrx_word' id='word_1_256' title='bbox 761 3215 841 3279; x_wconf 87' lang='lat' dir='ltr'><strong>feeit</strong></span> <span class='ocrx_word' id='word_1_257' title='bbox 862 3211 924 3278; x_wconf 90' lang='lat' dir='ltr'><strong>boc</strong></span> <span class='ocrx_word' id='word_1_258' title='bbox 945 3212 1071 3298; x_wconf 88' lang='lat' dir='ltr'><strong>Nerva,</strong></span> <span class='ocrx_word' id='word_1_259' title='bbox 1094 3211 1178 3279; x_wconf 90' lang='lat' dir='ltr'><strong>nihil</strong></span> <span class='ocrx_word' id='word_1_260' title='bbox 1199 3214 1353 3311; x_wconf 82' lang='lat' dir='ltr'><strong>interesse</strong></span> 
     </span>
    </p>
   </div>
   <div class='ocr_carea' id='block_1_3' title="bbox 151 3356 355 3367">
    <p class='ocr_par' dir='ltr' id='par_1_11' title="bbox 151 3356 355 3367">
     <span class='ocr_line' id='line_1_30' title="bbox 151 3356 355 3367; baseline -0.015 0"><span class='ocrx_word' id='word_1_261' title='bbox 151 3356 355 3367; x_wconf 80' lang='lat'><strong>--.--—-</strong></span> 
     </span>
    </p>
   </div>
   <div class='ocr_carea' id='block_1_4' title="bbox 151 3420 1357 3764">
    <p class='ocr_par' dir='ltr' id='par_1_12' title="bbox 151 3420 1353 3764">
     <span class='ocr_line' id='line_1_31' title="bbox 219 3420 1353 3489; baseline 0.001 -16"><span class='ocrx_word' id='word_1_262' title='bbox 219 3425 236 3474; x_wconf 91' lang='grc'><strong>2</strong></span> <span class='ocrx_word' id='word_1_263' title='bbox 254 3421 359 3473; x_wconf 85' lang='lat' dir='ltr'><strong>adhoc</strong></span> <span class='ocrx_word' id='word_1_264' title='bbox 379 3420 454 3489; x_wconf 87' lang='lat' dir='ltr'><strong>aevi]</strong></span> <span class='ocrx_word' id='word_1_265' title='bbox 476 3421 566 3473; x_wconf 87' lang='lat' dir='ltr'><strong>adhuc</strong></span> <span class='ocrx_word' id='word_1_266' title='bbox 583 3437 630 3488; x_wconf 82' lang='lat' dir='ltr'><strong>qur</strong></span> <span class='ocrx_word' id='word_1_267' title='bbox 647 3433 664 3476; x_wconf 88' lang='grc' dir='ltr'><strong><em>ς</em></strong></span> <span class='ocrx_word' id='word_1_268' title='bbox 761 3423 843 3488; x_wconf 87' lang='lat' dir='ltr'><strong>pario</strong></span> <span class='ocrx_word' id='word_1_269' title='bbox 859 3421 925 3471; x_wconf 85' lang='lat' dir='ltr'><strong>Abd</strong></span> <span class='ocrx_word' id='word_1_270' title='bbox 947 3421 1040 3487; x_wconf 83' lang='lat' dir='ltr'><strong>patria</strong></span> <span class='ocrx_word' id='word_1_271' title='bbox 1059 3421 1094 3485; x_wconf 88' lang='grc' dir='ltr'><strong>βο</strong></span> <span class='ocrx_word' id='word_1_272' title='bbox 1189 3420 1353 3488; x_wconf 73' lang='lat' dir='ltr'><strong>accipienda</strong></span> 
     </span>
     <span class='ocr_line' id='line_1_32' title="bbox 151 3489 1357 3556; baseline 0.001 -16"><span class='ocrx_word' id='word_1_273' title='bbox 151 3490 175 3540; x_wconf 99' lang='lat' dir='ltr'>A</span> <span class='ocrx_word' id='word_1_274' title='bbox 261 3494 277 3542; x_wconf 88' lang='grc'>3</span> <span class='ocrx_word' id='word_1_275' title='bbox 293 3490 366 3542; x_wconf 86' lang='lat' dir='ltr'><strong>ultro</strong></span> <span class='ocrx_word' id='word_1_276' title='bbox 385 3490 498 3542; x_wconf 83' lang='lat' dir='ltr'><strong>dantem</strong></span> <span class='ocrx_word' id='word_1_277' title='bbox 514 3491 574 3546; x_wconf 81' lang='grc' dir='ltr'><strong>οᾱς</strong></span> <span class='ocrx_word' id='word_1_278' title='bbox 591 3489 666 3540; x_wconf 85' lang='lat' dir='ltr'><strong>ultra</strong></span> <span class='ocrx_word' id='word_1_279' title='bbox 683 3489 792 3540; x_wconf 84' lang='lat' dir='ltr'><strong>dantem</strong></span> <span class='ocrx_word' id='word_1_280' title='bbox 811 3489 854 3552; x_wconf 75' lang='lat' dir='ltr'><strong>AB</strong></span> <span class='ocrx_word' id='word_1_281' title='bbox 872 3489 985 3540; x_wconf 84' lang='lat' dir='ltr'><strong>dantem</strong></span> <span class='ocrx_word' id='word_1_282' title='bbox 1003 3491 1078 3541; x_wconf 84' lang='lat' dir='ltr'><strong>ultra</strong></span> <span class='ocrx_word' id='word_1_283' title='bbox 1096 3505 1111 3541; x_wconf 91' lang='grc' dir='ltr'>ο</span> <span class='ocrx_word' id='word_1_284' title='bbox 1214 3493 1230 3541; x_wconf 92' lang='grc'><strong><em>6</em></strong></span> <span class='ocrx_word' id='word_1_285' title='bbox 1248 3491 1357 3556; x_wconf 83' lang='lat' dir='ltr'><strong>ahenas</strong></span> 
     </span>
     <span class='ocr_line' id='line_1_33' title="bbox 152 3558 1316 3612; baseline 0.001 -2"><span class='ocrx_word' id='word_1_286' title='bbox 152 3561 234 3611; x_wconf 84' lang='lat' dir='ltr'><strong>timor</strong></span> <span class='ocrx_word' id='word_1_287' title='bbox 251 3560 299 3610; x_wconf 77' lang='lat' dir='ltr'><strong>AB</strong></span> <span class='ocrx_word' id='word_1_288' title='bbox 318 3559 425 3612; x_wconf 88' lang='lat' dir='ltr'><strong>alienus</strong></span> <span class='ocrx_word' id='word_1_289' title='bbox 443 3575 535 3611; x_wconf 83' lang='lat' dir='ltr'><strong>rumor</strong></span> <span class='ocrx_word' id='word_1_290' title='bbox 552 3574 566 3610; x_wconf 89' lang='grc' dir='ltr'>ο</span> <span class='ocrx_word' id='word_1_291' title='bbox 584 3558 692 3610; x_wconf 88' lang='lat' dir='ltr'><strong>alienus</strong></span> <span class='ocrx_word' id='word_1_292' title='bbox 710 3564 799 3609; x_wconf 87' lang='lat' dir='ltr'><strong>metus</strong></span> <span class='ocrx_word' id='word_1_293' title='bbox 817 3559 834 3606; x_wconf 86' lang='lat' dir='ltr'><strong>d</strong></span> <span class='ocrx_word' id='word_1_294' title='bbox 904 3562 936 3610; x_wconf 88' lang='grc'><strong>10</strong></span> <span class='ocrx_word' id='word_1_295' title='bbox 954 3575 1006 3610; x_wconf 83' lang='grc' dir='ltr'>ιιοο</span> <span class='ocrx_word' id='word_1_296' title='bbox 1024 3564 1053 3610; x_wconf 86' lang='grc' dir='ltr'>ιο</span> <span class='ocrx_word' id='word_1_297' title='bbox 1070 3561 1155 3610; x_wconf 80' lang='lat' dir='ltr'><strong>Bacd</strong></span> <span class='ocrx_word' id='word_1_298' title='bbox 1171 3575 1228 3612; x_wconf 89' lang='lat' dir='ltr'><strong>non</strong></span> <span class='ocrx_word' id='word_1_299' title='bbox 1245 3564 1275 3612; x_wconf 84' lang='grc' dir='ltr'>ιο</span> <span class='ocrx_word' id='word_1_300' title='bbox 1292 3563 1316 3611; x_wconf 89' lang='lat' dir='ltr'>A</span> 
     </span>
     <span class='ocr_line' id='line_1_34' title="bbox 153 3628 1352 3696; baseline -0.002 -16"><span class='ocrx_word' id='word_1_301' title='bbox 153 3629 212 3680; x_wconf 87' lang='lat' dir='ltr'><strong>leta</strong></span> <span class='ocrx_word' id='word_1_302' title='bbox 231 3634 258 3680; x_wconf 87' lang='lat' dir='ltr'><strong>et</strong></span> <span class='ocrx_word' id='word_1_303' title='bbox 276 3645 409 3696; x_wconf 88' lang='lat' dir='ltr'><strong>prospera</strong></span> <span class='ocrx_word' id='word_1_304' title='bbox 429 3629 472 3684; x_wconf 72' lang='lat' dir='ltr'><strong>ae</strong></span> <span class='ocrx_word' id='word_1_305' title='bbox 577 3630 609 3679; x_wconf 92' lang='grc'>12</span> <span class='ocrx_word' id='word_1_306' title='bbox 628 3633 776 3694; x_wconf 82' lang='lat' dir='ltr'><strong>postquam</strong></span> <span class='ocrx_word' id='word_1_307' title='bbox 794 3628 878 3677; x_wconf 67' lang='lat' dir='ltr'><strong>sucu</strong></span> <span class='ocrx_word' id='word_1_308' title='bbox 896 3642 1063 3696; x_wconf 81' lang='lat' dir='ltr'><strong>quamquam</strong></span> <span class='ocrx_word' id='word_1_309' title='bbox 1081 3628 1105 3678; x_wconf 93' lang='lat' dir='ltr'>A</span> <span class='ocrx_word' id='word_1_310' title='bbox 1191 3631 1233 3681; x_wconf 89' lang='grc'><strong>13</strong></span> <span class='ocrx_word' id='word_1_311' title='bbox 1241 3634 1352 3694; x_wconf 78' lang='lat' dir='ltr'><strong>uterque</strong></span> 
     </span>
     <span class='ocr_line' id='line_1_35' title="bbox 153 3696 1353 3764; baseline -0.003 -15"><span class='ocrx_word' id='word_1_312' title='bbox 153 3699 272 3764; x_wconf 86' lang='lat' dir='ltr'><strong>optimus</strong></span> <span class='ocrx_word' id='word_1_313' title='bbox 290 3724 325 3733; x_wconf 94' lang='lat'><em>-</em></span> <span class='ocrx_word' id='word_1_314' title='bbox 341 3700 401 3762; x_wconf 86' lang='grc'>326,</span> <span class='ocrx_word' id='word_1_315' title='bbox 419 3700 436 3748; x_wconf 92' lang='grc'><strong>2</strong></span> <span class='ocrx_word' id='word_1_316' title='bbox 454 3697 588 3748; x_wconf 86' lang='lat' dir='ltr'><strong>tumultus</strong></span> <span class='ocrx_word' id='word_1_317' title='bbox 605 3697 747 3748; x_wconf 66' lang='lat' dir='ltr'><strong>fuissetis</strong></span> <span class='ocrx_word' id='word_1_318' title='bbox 842 3698 875 3745; x_wconf 82' lang='grc'><strong>14</strong></span> <span class='ocrx_word' id='word_1_319' title='bbox 893 3697 1013 3762; x_wconf 87' lang='lat' dir='ltr'><strong>optimus</strong></span> <span class='ocrx_word' id='word_1_320' title='bbox 1031 3696 1187 3764; x_wconf 82' lang='lat' dir='ltr'><strong>dignusque</strong></span> <span class='ocrx_word' id='word_1_321' title='bbox 1207 3704 1269 3749; x_wconf 80' lang='lat' dir='ltr'><strong>erat</strong></span> <span class='ocrx_word' id='word_1_322' title='bbox 1286 3697 1353 3748; x_wconf 81' lang='lat' dir='ltr'><strong>alter</strong></span> 
     </span>
    </p>
   </div>
   <div class='ocr_carea' id='block_1_5' title="bbox 153 3759 1312 3882">
    <p class='ocr_par' dir='ltr' id='par_1_13' title="bbox 153 3759 1312 3882">
     <span class='ocr_line' id='line_1_36' title="bbox 153 3759 1312 3882; baseline 0 -66"><span class='ocrx_word' id='word_1_323' title='bbox 153 3768 169 3816; x_wconf 84' lang='lat' dir='ltr'><strong>d</strong></span> <span class='ocrx_word' id='word_1_324' title='bbox 239 3766 311 3817; x_wconf 86' lang='lat' dir='ltr'><strong>alter</strong></span> <span class='ocrx_word' id='word_1_325' title='bbox 329 3765 404 3831; x_wconf 83' lang='lat' dir='ltr'><strong>elegi</strong></span> <span class='ocrx_word' id='word_1_326' title='bbox 422 3765 494 3816; x_wconf 79' lang='lat' dir='ltr'><strong>alter·</strong></span> <span class='ocrx_word' id='word_1_327' title='bbox 513 3766 667 3829; x_wconf 80' lang='lat' dir='ltr'><strong>elegereR</strong></span> <span class='ocrx_word' id='word_1_328' title='bbox 721 3767 753 3815; x_wconf 88' lang='grc'><strong>15</strong></span> <span class='ocrx_word' id='word_1_329' title='bbox 772 3759 818 3882; x_wconf 45' lang='lat' dir='ltr'><strong>esp</strong></span> <span class='ocrx_word' id='word_1_330' title='bbox 836 3766 919 3814; x_wconf 79' lang='lat' dir='ltr'><strong>estB</strong></span> <span class='ocrx_word' id='word_1_331' title='bbox 971 3780 1026 3816; x_wconf 91' lang='lat' dir='ltr'><strong>non</strong></span> <span class='ocrx_word' id='word_1_332' title='bbox 1044 3780 1126 3817; x_wconf 83' lang='lat' dir='ltr'><strong>om.o</strong></span> <span class='ocrx_word' id='word_1_333' title='bbox 1157 3766 1312 3835; x_wconf 22' lang='lat' dir='ltr'><strong>,adquelt</strong></span> 
     </span>
    </p>
   </div>
   <div class='ocr_carea' id='block_1_6' title="bbox 97 3833 1353 4660">
    <p class='ocr_par' dir='ltr' id='par_1_14' title="bbox 97 3833 1353 4654">
     <span class='ocr_line' id='line_1_37' title="bbox 154 3833 1352 3900; baseline 0 -17"><span class='ocrx_word' id='word_1_334' title='bbox 154 3835 186 3885; x_wconf 87' lang='grc'><strong>18</strong></span> <span class='ocrx_word' id='word_1_335' title='bbox 206 3833 313 3884; x_wconf 85' lang='lat' dir='ltr'><strong>adsumi</strong></span> <span class='ocrx_word' id='word_1_336' title='bbox 332 3835 387 3884; x_wconf 88' lang='lat' dir='ltr'><strong>nisi</strong></span> <span class='ocrx_word' id='word_1_337' title='bbox 405 3834 600 3884; x_wconf 85' lang='lat' dir='ltr'><strong>adsumaturR</strong></span> <span class='ocrx_word' id='word_1_338' title='bbox 618 3833 750 3885; x_wconf 85' lang='lat' dir='ltr'><strong>assnmmi</strong></span> <span class='ocrx_word' id='word_1_339' title='bbox 768 3849 798 3883; x_wconf 79' lang='lat' dir='ltr'><strong>se</strong></span> <span class='ocrx_word' id='word_1_340' title='bbox 836 3836 862 3882; x_wconf 87' lang='lat' dir='ltr'><strong>si</strong></span> <span class='ocrx_word' id='word_1_341' title='bbox 878 3841 1094 3885; x_wconf 86' lang='lat' dir='ltr'><strong>assummaturc</strong></span> <span class='ocrx_word' id='word_1_342' title='bbox 1163 3841 1292 3886; x_wconf 82' lang='lat' dir='ltr'><strong>senatum</strong></span> <span class='ocrx_word' id='word_1_343' title='bbox 1310 3847 1352 3900; x_wconf 92' lang='lat' dir='ltr'><strong>po·</strong></span> 
     </span>
     <span class='ocr_line' id='line_1_38' title="bbox 153 3901 1353 3968; baseline -0.002 -16"><span class='ocrx_word' id='word_1_344' title='bbox 153 3901 302 3968; x_wconf 83' lang='lat' dir='ltr'><strong>palamque</strong></span> <span class='ocrx_word' id='word_1_345' title='bbox 321 3918 359 3953; x_wconf 84' lang='grc' dir='ltr'>ιο.</span> <span class='ocrx_word' id='word_1_346' title='bbox 377 3903 418 3951; x_wconf 75' lang='lat' dir='ltr'><strong>Rc</strong></span> <span class='ocrx_word' id='word_1_347' title='bbox 436 3907 562 3953; x_wconf 86' lang='lat' dir='ltr'><strong>senatum</strong></span> <span class='ocrx_word' id='word_1_348' title='bbox 585 3918 628 3967; x_wconf 90' lang='lat' dir='ltr'><strong>po.</strong></span> <span class='ocrx_word' id='word_1_349' title='bbox 649 3917 673 3967; x_wconf 90' lang='lat' dir='ltr'><strong>q.</strong></span> <span class='ocrx_word' id='word_1_350' title='bbox 692 3917 732 3953; x_wconf 84' lang='grc' dir='ltr'>ιο.</span> <span class='ocrx_word' id='word_1_351' title='bbox 751 3902 767 3950; x_wconf 83' lang='lat' dir='ltr'><strong>d</strong></span> <span class='ocrx_word' id='word_1_352' title='bbox 791 3907 918 3952; x_wconf 86' lang='lat' dir='ltr'><strong>senatum</strong></span> <span class='ocrx_word' id='word_1_353' title='bbox 941 3901 1091 3968; x_wconf 76' lang='lat' dir='ltr'><strong>populique</strong></span> <span class='ocrx_word' id='word_1_354' title='bbox 1114 3905 1223 3954; x_wconf 85' lang='lat' dir='ltr'><strong>romani</strong></span> <span class='ocrx_word' id='word_1_355' title='bbox 1240 3905 1264 3953; x_wconf 89' lang='lat' dir='ltr'>A</span> <span class='ocrx_word' id='word_1_356' title='bbox 1282 3915 1353 3953; x_wconf 83' lang='lat' dir='ltr'><strong>sena·</strong></span> 
     </span>
     <span class='ocr_line' id='line_1_39' title="bbox 153 3969 1352 4038; baseline -0.002 -18"><span class='ocrx_word' id='word_1_357' title='bbox 153 3977 197 4020; x_wconf 84' lang='lat' dir='ltr'><strong>tus</strong></span> <span class='ocrx_word' id='word_1_358' title='bbox 216 3970 366 4038; x_wconf 88' lang='lat' dir='ltr'><strong>populique</strong></span> <span class='ocrx_word' id='word_1_359' title='bbox 386 3986 493 4020; x_wconf 81' lang='lat' dir='ltr'><strong>romani</strong></span> <span class='ocrx_word' id='word_1_360' title='bbox 512 3983 528 4026; x_wconf 87' lang='grc' dir='ltr'><strong>ς</strong></span> <span class='ocrx_word' id='word_1_361' title='bbox 633 3973 664 4021; x_wconf 84' lang='grc'><strong>16</strong></span> <span class='ocrx_word' id='word_1_362' title='bbox 687 3971 781 4021; x_wconf 90' lang='lat' dir='ltr'><strong>socius</strong></span> <span class='ocrx_word' id='word_1_363' title='bbox 804 3972 998 4022; x_wconf 84' lang='lat' dir='ltr'><strong>trasmissurus</strong></span> <span class='ocrx_word' id='word_1_364' title='bbox 1019 3972 1102 4023; x_wconf 87' lang='lat' dir='ltr'><strong>unius</strong></span> <span class='ocrx_word' id='word_1_365' title='bbox 1120 3987 1281 4023; x_wconf 83' lang='lat' dir='ltr'><strong>successore</strong></span> <span class='ocrx_word' id='word_1_366' title='bbox 1296 3969 1301 4035; x_wconf 80' lang='grc' dir='ltr'>Ι</span> <span class='ocrx_word' id='word_1_367' title='bbox 1314 3983 1352 4018; x_wconf 85' lang='lat' dir='ltr'><strong>me</strong></span> 
     </span>
     <span class='ocr_line' id='line_1_40' title="bbox 152 4035 1353 4105; baseline -0.002 -16"><span class='ocrx_word' id='word_1_368' title='bbox 152 4040 214 4089; x_wconf 81' lang='lat' dir='ltr'><strong>sinu</strong></span> <span class='ocrx_word' id='word_1_369' title='bbox 232 4042 255 4089; x_wconf 77' lang='lat' dir='ltr'><strong>a</strong></span> <span class='ocrx_word' id='word_1_370' title='bbox 340 4042 372 4090; x_wconf 88' lang='grc'>21</span> <span class='ocrx_word' id='word_1_371' title='bbox 391 4044 478 4089; x_wconf 86' lang='lat' dir='ltr'><strong>totam</strong></span> <span class='ocrx_word' id='word_1_372' title='bbox 497 4054 547 4104; x_wconf 86' lang='lat' dir='ltr'><strong>per</strong></span> <span class='ocrx_word' id='word_1_373' title='bbox 564 4042 587 4089; x_wconf 77' lang='lat' dir='ltr'><strong>a</strong></span> <span class='ocrx_word' id='word_1_374' title='bbox 610 4055 659 4105; x_wconf 85' lang='lat' dir='ltr'><strong>per</strong></span> <span class='ocrx_word' id='word_1_375' title='bbox 681 4043 765 4089; x_wconf 89' lang='lat' dir='ltr'><strong>totam</strong></span> <span class='ocrx_word' id='word_1_376' title='bbox 784 4038 873 4087; x_wconf 83' lang='lat' dir='ltr'><strong>ABcd</strong></span> <span class='ocrx_word' id='word_1_377' title='bbox 992 4043 1025 4091; x_wconf 90' lang='grc'><strong>22</strong></span> <span class='ocrx_word' id='word_1_378' title='bbox 1045 4041 1229 4092; x_wconf 80' lang='lat' dir='ltr'><strong>circumferas</strong></span> <span class='ocrx_word' id='word_1_379' title='bbox 1246 4035 1353 4090; x_wconf 67' lang='lat' dir='ltr'><strong>aanor</strong></span> 
     </span>
     <span class='ocr_line' id='line_1_41' title="bbox 97 4105 1352 4190; baseline -0.004 -31"><span class='ocrx_word' id='word_1_380' title='bbox 97 4143 102 4151; x_wconf 81' lang='lat'><em>-</em></span> <span class='ocrx_word' id='word_1_381' title='bbox 153 4108 284 4159; x_wconf 78' lang='lat' dir='ltr'><strong>conferas</strong></span> <span class='ocrx_word' id='word_1_382' title='bbox 300 4110 324 4158; x_wconf 87' lang='lat' dir='ltr'>A</span> <span class='ocrx_word' id='word_1_383' title='bbox 375 4112 408 4159; x_wconf 87' lang='grc'><strong>23</strong></span> <span class='ocrx_word' id='word_1_384' title='bbox 427 4109 544 4159; x_wconf 83' lang='lat' dir='ltr'><strong>extimes</strong></span> <span class='ocrx_word' id='word_1_385' title='bbox 562 4111 586 4158; x_wconf 78' lang='lat' dir='ltr'><strong>R</strong></span> <span class='ocrx_word' id='word_1_386' title='bbox 638 4107 681 4158; x_wconf 83' lang='lat' dir='ltr'><strong>dis</strong></span> <span class='ocrx_word' id='word_1_387' title='bbox 699 4105 881 4190; x_wconf 83' lang='lat' dir='ltr'><strong>simillimum]</strong></span> <span class='ocrx_word' id='word_1_388' title='bbox 902 4108 1124 4174; x_wconf 79' lang='lat' dir='ltr'><strong>dignissimumB</strong></span> <span class='ocrx_word' id='word_1_389' title='bbox 1186 4112 1221 4159; x_wconf 84' lang='grc'><strong>24</strong></span> <span class='ocrx_word' id='word_1_390' title='bbox 1238 4109 1352 4173; x_wconf 84' lang='lat' dir='ltr'><strong>impera·</strong></span> 
     </span>
     <span class='ocr_line' id='line_1_42' title="bbox 155 4173 1352 4246; baseline -0.001 -20"><span class='ocrx_word' id='word_1_391' title='bbox 155 4182 233 4228; x_wconf 89' lang='lat' dir='ltr'><strong>turus</strong></span> <span class='ocrx_word' id='word_1_392' title='bbox 252 4204 285 4213; x_wconf 93' lang='lat'>-</span> <span class='ocrx_word' id='word_1_393' title='bbox 304 4178 431 4229; x_wconf 89' lang='lat' dir='ltr'><strong>omnibus</strong></span> <span class='ocrx_word' id='word_1_394' title='bbox 449 4193 496 4226; x_wconf 83' lang='lat' dir='ltr'><strong>oru.</strong></span> <span class='ocrx_word' id='word_1_395' title='bbox 515 4178 545 4238; x_wconf 90' lang='lat' dir='ltr'><strong>A,</strong></span> <span class='ocrx_word' id='word_1_396' title='bbox 566 4178 627 4227; x_wconf 86' lang='lat' dir='ltr'><strong>add.</strong></span> <span class='ocrx_word' id='word_1_397' title='bbox 647 4183 706 4226; x_wconf 74' lang='lat' dir='ltr'><strong>aee</strong></span> <span class='ocrx_word' id='word_1_398' title='bbox 724 4192 749 4226; x_wconf 82' lang='lat' dir='ltr'><strong>m</strong></span> <span class='ocrx_word' id='word_1_399' title='bbox 767 4191 847 4239; x_wconf 71' lang='lat' dir='ltr'><strong>namq</strong></span> <span class='ocrx_word' id='word_1_400' title='bbox 865 4178 889 4225; x_wconf 89' lang='lat' dir='ltr'>A</span> <span class='ocrx_word' id='word_1_401' title='bbox 957 4179 990 4228; x_wconf 83' lang='grc'>25</span> <span class='ocrx_word' id='word_1_402' title='bbox 1009 4183 1040 4229; x_wconf 89' lang='grc' dir='ltr'><strong>ιιι</strong></span> <span class='ocrx_word' id='word_1_403' title='bbox 1058 4180 1190 4246; x_wconf 78' lang='lat' dir='ltr'><strong>pcsscslt</strong></span> <span class='ocrx_word' id='word_1_404' title='bbox 1259 4178 1293 4225; x_wconf 88' lang='grc'><strong>26</strong></span> <span class='ocrx_word' id='word_1_405' title='bbox 1310 4173 1352 4222; x_wconf 79' lang='lat' dir='ltr'><strong>da·</strong></span> 
     </span>
     <span class='ocr_line' id='line_1_43' title="bbox 154 4215 1352 4312; baseline -0.003 -17"><span class='ocrx_word' id='word_1_406' title='bbox 154 4251 231 4296; x_wconf 87' lang='lat' dir='ltr'><strong>turus</strong></span> <span class='ocrx_word' id='word_1_407' title='bbox 251 4261 280 4296; x_wconf 86' lang='lat' dir='ltr'><strong>es</strong></span> <span class='ocrx_word' id='word_1_408' title='bbox 299 4247 450 4312; x_wconf 84' lang='lat' dir='ltr'><strong>imperator</strong></span> <span class='ocrx_word' id='word_1_409' title='bbox 469 4215 600 4297; x_wconf 78' lang='lat' dir='ltr'><strong>Livirieius</strong></span> <span class='ocrx_word' id='word_1_410' title='bbox 617 4245 734 4296; x_wconf 85' lang='lat' dir='ltr'><strong>daturus</strong></span> <span class='ocrx_word' id='word_1_411' title='bbox 752 4245 901 4310; x_wconf 86' lang='lat' dir='ltr'><strong>imperator</strong></span> <span class='ocrx_word' id='word_1_412' title='bbox 918 4247 1008 4297; x_wconf 83' lang='lat' dir='ltr'><strong>ABcd</strong></span> <span class='ocrx_word' id='word_1_413' title='bbox 1031 4247 1147 4298; x_wconf 82' lang='lat' dir='ltr'><strong>daturus</strong></span> <span class='ocrx_word' id='word_1_414' title='bbox 1165 4252 1193 4295; x_wconf 84' lang='lat' dir='ltr'><strong>et</strong></span> <span class='ocrx_word' id='word_1_415' title='bbox 1210 4245 1352 4310; x_wconf 81' lang='lat' dir='ltr'><strong>imperato·</strong></span> 
     </span>
     <span class='ocr_line' id='line_1_44' title="bbox 154 4309 1352 4382; baseline -0.003 -19"><span class='ocrx_word' id='word_1_416' title='bbox 154 4330 211 4364; x_wconf 75' lang='lat' dir='ltr'><strong>reni</strong></span> <span class='ocrx_word' id='word_1_417' title='bbox 229 4315 253 4363; x_wconf 76' lang='lat' dir='ltr'>R</span> <span class='ocrx_word' id='word_1_418' title='bbox 272 4314 413 4366; x_wconf 87' lang='lat' dir='ltr'><strong>daturus</strong></span> <span class='ocrx_word' id='word_1_419' title='bbox 406 4315 547 4380; x_wconf 78' lang='lat' dir='ltr'><strong>imperium</strong></span> <span class='ocrx_word' id='word_1_420' title='bbox 567 4330 584 4364; x_wconf 79' lang='lat' dir='ltr'><strong>a</strong></span> <span class='ocrx_word' id='word_1_421' title='bbox 653 4314 820 4380; x_wconf 88' lang='lat' dir='ltr'><strong>superbuum</strong></span> <span class='ocrx_word' id='word_1_422' title='bbox 839 4316 908 4364; x_wconf 86' lang='lat' dir='ltr'><strong>istut</strong></span> <span class='ocrx_word' id='word_1_423' title='bbox 927 4319 955 4365; x_wconf 86' lang='lat' dir='ltr'><strong>et</strong></span> <span class='ocrx_word' id='word_1_424' title='bbox 973 4317 1078 4382; x_wconf 83' lang='lat' dir='ltr'><strong>regium</strong></span> <span class='ocrx_word' id='word_1_425' title='bbox 1099 4313 1215 4367; x_wconf 82' lang='lat' dir='ltr'><strong>estnisi</strong></span> <span class='ocrx_word' id='word_1_426' title='bbox 1231 4314 1256 4361; x_wconf 78' lang='lat' dir='ltr'>B</span> <span class='ocrx_word' id='word_1_427' title='bbox 1323 4309 1352 4360; x_wconf 83' lang='grc'>26</span> 
     </span>
     <span class='ocr_line' id='line_1_45' title="bbox 154 4381 1352 4448; baseline 0.001 -17"><span class='ocrx_word' id='word_1_428' title='bbox 154 4383 290 4434; x_wconf 83' lang='lat' dir='ltr'><strong>interesse</strong></span> <span class='ocrx_word' id='word_1_429' title='bbox 310 4385 463 4434; x_wconf 86' lang='lat' dir='ltr'><strong>arbitratus</strong></span> <span class='ocrx_word' id='word_1_430' title='bbox 486 4384 530 4432; x_wconf 85' lang='lat' dir='ltr'><strong>Ad</strong></span> <span class='ocrx_word' id='word_1_431' title='bbox 557 4384 710 4434; x_wconf 87' lang='lat' dir='ltr'><strong>arbitratus</strong></span> <span class='ocrx_word' id='word_1_432' title='bbox 737 4383 946 4433; x_wconf 52' lang='lat' dir='ltr'><strong>interessolss</strong></span> <span class='ocrx_word' id='word_1_433' title='bbox 939 4400 1000 4435; x_wconf 87' lang='lat' dir='ltr'><strong>mc</strong></span> <span class='ocrx_word' id='word_1_434' title='bbox 1026 4386 1091 4436; x_wconf 79' lang='lat' dir='ltr'><strong>boec</strong></span> <span class='ocrx_word' id='word_1_435' title='bbox 1113 4390 1139 4434; x_wconf 83' lang='lat' dir='ltr'><strong>et</strong></span> <span class='ocrx_word' id='word_1_436' title='bbox 1155 4397 1222 4448; x_wconf 85' lang='lat' dir='ltr'><strong>quoe</strong></span> <span class='ocrx_word' id='word_1_437' title='bbox 1238 4381 1352 4446; x_wconf 69' lang='lat' dir='ltr'><strong>proxime</strong></span> 
     </span>
     <span class='ocr_line' id='line_1_46' title="bbox 153 4449 1351 4518; baseline -0.002 -18"><span class='ocrx_word' id='word_1_438' title='bbox 153 4461 241 4501; x_wconf 81' lang='lat' dir='ltr'><strong>secur</strong></span> <span class='ocrx_word' id='word_1_439' title='bbox 250 4470 274 4501; x_wconf 82' lang='grc' dir='ltr'>ιι·</span> <span class='ocrx_word' id='word_1_440' title='bbox 290 4454 444 4518; x_wconf 81' lang='lat' dir='ltr'><strong>perturbato</strong></span> <span class='ocrx_word' id='word_1_441' title='bbox 463 4454 554 4502; x_wconf 84' lang='lat' dir='ltr'><strong>ordine</strong></span> <span class='ocrx_word' id='word_1_442' title='bbox 571 4455 671 4518; x_wconf 78' lang='lat' dir='ltr'><strong>scripta</strong></span> <span class='ocrx_word' id='word_1_443' title='bbox 688 4460 747 4503; x_wconf 82' lang='lat' dir='ltr'><strong>sunl</strong></span> <span class='ocrx_word' id='word_1_444' title='bbox 773 4453 825 4515; x_wconf 81' lang='lat' dir='ltr'><strong>ita,</strong></span> <span class='ocrx_word' id='word_1_445' title='bbox 849 4453 983 4505; x_wconf 83' lang='lat' dir='ltr'><strong>interesse</strong></span> <span class='ocrx_word' id='word_1_446' title='bbox 1002 4453 1163 4504; x_wconf 84' lang='lat' dir='ltr'><strong>arbitratus.</strong></span> <span class='ocrx_word' id='word_1_447' title='bbox 1191 4449 1312 4500; x_wconf 83' lang='lat' dir='ltr'><strong>Noscisti</strong></span> <span class='ocrx_word' id='word_1_448' title='bbox 1326 4455 1351 4497; x_wconf 84' lang='grc' dir='ltr'>ιο</span> 
     </span>
     <span class='ocr_line' id='line_1_47' title="bbox 151 4517 1352 4601; baseline 0 -32"><span class='ocrx_word' id='word_1_449' title='bbox 151 4520 420 4585; x_wconf 77' lang='grc' dir='ltr'>ιιιιροιοιοιοιιι326,</span> <span class='ocrx_word' id='word_1_450' title='bbox 433 4523 561 4584; x_wconf 82' lang='grc'>20-327,</span> <span class='ocrx_word' id='word_1_451' title='bbox 580 4524 613 4572; x_wconf 88' lang='grc'><strong>32</strong></span> <span class='ocrx_word' id='word_1_452' title='bbox 632 4522 698 4586; x_wconf 89' lang='lat' dir='ltr'><strong>quia</strong></span> <span class='ocrx_word' id='word_1_453' title='bbox 716 4521 797 4571; x_wconf 89' lang='lat' dir='ltr'><strong>deum</strong></span> <span class='ocrx_word' id='word_1_454' title='bbox 815 4519 915 4572; x_wconf 89' lang='lat' dir='ltr'><strong>credis.</strong></span> <span class='ocrx_word' id='word_1_455' title='bbox 934 4520 1219 4572; x_wconf 81' lang='lat' dir='ltr'><strong>blinuscsthoccum</strong></span> <span class='ocrx_word' id='word_1_456' title='bbox 1229 4517 1352 4601; x_wconf 66' lang='grc' dir='ltr'>ςοιιιιοὲἰι</span> 
     </span>
     <span class='ocr_line' id='line_1_48' title="bbox 142 4587 1350 4660; baseline 0.001 -21.005"><span class='ocrx_word' id='word_1_457' title='bbox 142 4590 203 4653; x_wconf 76' lang='grc'>325,</span> <span class='ocrx_word' id='word_1_458' title='bbox 226 4592 339 4657; x_wconf 84' lang='grc'>1-326,</span> <span class='ocrx_word' id='word_1_459' title='bbox 360 4594 394 4645; x_wconf 84' lang='grc'><strong>19</strong></span> <span class='ocrx_word' id='word_1_460' title='bbox 412 4608 477 4660; x_wconf 81' lang='lat' dir='ltr'><strong>mag</strong></span> <span class='ocrx_word' id='word_1_461' title='bbox 480 4606 544 4643; x_wconf 90' lang='lat' dir='ltr'><strong>uum</strong></span> <span class='ocrx_word' id='word_1_462' title='bbox 571 4589 713 4642; x_wconf 83' lang='lat' dir='ltr'><strong>uideretur</strong></span> <span class='ocrx_word' id='word_1_463' title='bbox 739 4590 765 4640; x_wconf 87' lang='lat' dir='ltr'><strong>si</strong></span> <span class='ocrx_word' id='word_1_464' title='bbox 782 4589 903 4640; x_wconf 82' lang='lat' dir='ltr'><strong>dicerem</strong></span> <span class='ocrx_word' id='word_1_465' title='bbox 927 4591 996 4654; x_wconf 86' lang='grc'>(327,</span> <span class='ocrx_word' id='word_1_466' title='bbox 1015 4591 1060 4654; x_wconf 88' lang='grc'><strong>32)</strong></span> <span class='ocrx_word' id='word_1_467' title='bbox 1078 4587 1109 4639; x_wconf 80' lang='lat' dir='ltr'><strong>fit</strong></span> <span class='ocrx_word' id='word_1_468' title='bbox 1128 4587 1199 4639; x_wconf 89' lang='lat' dir='ltr'><strong>ab&#39;</strong></span> <span class='ocrx_word' id='word_1_469' title='bbox 1181 4604 1217 4640; x_wconf 85' lang='lat' dir='ltr'><strong>us</strong></span> <span class='ocrx_word' id='word_1_470' title='bbox 1236 4589 1350 4654; x_wconf 77' lang='lat' dir='ltr'><strong>qnirqq</strong></span> 
     </span>
    </p>
   </div>
   <div class='ocr_carea' id='block_1_7' title="bbox 0 0 1477 4966">
    <p class='ocr_par' dir='ltr' id='par_1_15' title="bbox 0 0 1477 4966">
     <span class='ocr_line' id='line_1_49' title="bbox 0 0 1477 4966; baseline 0 0"><span class='ocrx_word' id='word_1_471' title='bbox 0 0 1477 4966; x_wconf 95' lang='lat' dir='ltr'><strong> </strong></span> 
     </span>
    </p>
   </div>
  </div>
 </body>
</html>
