2934 4966
137 291 140 295 ·
169 270 233 338 *154
454 341 456 344 ,
593 334 596 339 ,
692 276 724 329 o.
748 279 846 329 emur

169 438 462 520 habsetoffensus,
498 434 592 501 crede
627 434 658 500 ei
693 456 790 520 quam
826 434 863 499 in
896 454 1006 499 umore
1037 431 1147 499 hebet.
1191 454 1261 501 non
1290 431 1381 501 rerer

127 540 328 630 'Omaguum'
346 540 380 605 et
400 537 538 604 liberum
559 538 730 625 ingenium
753 558 826 603 eum
848 534 1045 603 contumelia
1066 535 1233 603 damnum.
1262 558 1378 603 verum

97 641 101 647 ’
167 650 205 711 ut
224 645 312 711 ferat
332 640 403 724 ille,
428 660 490 726 ego
512 661 620 705 meum
641 639 812 723 damnum,
836 658 942 705 meam
959 637 1190 705 coutumeliam
1210 638 1376 726 iudicabo,
1403 684 1410 693 ·

167 749 312 813 sednon
324 748 490 828 tamquam
508 764 568 828 pro
589 765 677 827 mea,
699 742 761 808 hoc
783 745 834 807 est
847 742 993 828 gravius,
1014 740 1149 807 irascm.
1178 763 1378 828 quamquam
1409 764 1412 769 ’

166 850 244 937 quid
265 845 566 914 denuntiationibus
588 849 623 911 et
643 844 736 931 quasi
757 842 856 910 minis
878 844 966 931 ago?
993 843 1075 929 quin
1094 843 1220 929 potius,
1243 847 1281 909 ot
1303 866 1403 911 cce-s

125 1000 128 1005 -
166 973 291 1041 perum,
313 969 410 1036 rogo,
440 969 497 1013 oro
518 947 583 1013 des.
600 968 733 1033 operam
761 968 803 1013 ne
825 944 880 1011 ille
902 966 954 1032 se,
983 945 1068 1032 quod
1095 943 1295 1011 validissime
1325 969 1377 1015 ve·

166 1079 258 1139 reor,
293 1073 402 1136 erue,
437 1071 499 1136 ego
519 1071 571 1116 ms
593 1051 781 1137 neglectum
802 1071 823 1115 a
843 1053 878 1115 te
900 1054 1023 1136 putem
1068 1048 1162 1117 dabis
1183 1050 1314 1135 autenm
1348 1050 1377 1117 si

169 1159 229 1225 hoe
251 1155 384 1242 perinde
407 1174 504 1220 curae
528 1154 577 1218 est
598 1153 678 1238 tibi,
699 1173 795 1239 quam
816 1150 897 1217 illud
917 1150 1011 1241 mihi.
1047 1150 1130 1217 vale.
1211 1202 1214 1207 .

658 1321 661 1326 ’
716 1320 824 1389 VIIII.

519 1442 552 1496 o.
568 1444 718 1499 samius
740 1443 879 1498 raorro
897 1444 973 1531 suo*
988 1444 1016 1501 a.
1388 1461 1416 1503 ιο

139 1572 155 1632 1
252 1563 465 1635 Commendas
492 1560 575 1628 mihi
601 1560 721 1628 Iulium
743 1546 909 1629 Nasonem
940 1562 1160 1629 candidatum.
1203 1548 1396 1631 Nasonem<

166 1669 268 1737 mihi?
290 1667 366 1755 quid
387 1667 417 1732 si
438 1686 489 1730 me
511 1663 642 1751 ipsum?
663 1664 733 1729 fero
753 1668 867 1731 tamen
879 1668 915 1731 st
931 1663 1077 1753 ignosco.
1122 1665 1262 1733 eundem
1282 1667 1376 1735 enim

65 1801 69 1810 ·
167 1772 439 1857 commendassem
461 1767 539 1851 tibi,
563 1766 592 1833 si
612 1770 647 1832 te
668 1766 792 1833 Romae
812 1771 961 1835 morante
983 1768 1054 1854 ipse
1076 1768 1242 1837 afuissem.
1271 1769 1376 1839 habet

103 1866 225 1942 ¹''2hoo
247 1871 445 1955 sollicitudo,
479 1870 563 1956 quod
585 1869 696 1937 omnia
722 1868 906 1937 necessaria
934 1873 1036 1956 putat
1079 1874 1118 1937 tu
1146 1870 1257 1961 mmen
1278 1894 1375 1940 *osn-

104 2049 107 2055 ,
165 1999 224 2062 seo,
247 1977 327 2042 alios
348 1996 459 2060 roges3
487 1994 548 2060 ego
570 1994 702 2059 precum
723 1977 856 2039 tuarum
879 1969 1033 2041 ¹minister
1054 1975 1183 2041 adiutor
1203 1975 1374 2063 particeps
1388 2000 1414 2043 u

165 2100 228 2145 ero.
274 2077 355 2143 vele.
1011 2102 1013 2106 ⁴

345 2323 348 2330 .
671 2245 713 2326 X·
747 2257 859 2327 (210⁶)

196 2364 213 2451 θ’
522 2368 553 2426 0.
572 2370 722 2424 PLINIUS
740 2369 879 2424 ALBINO
897 2328 1015 2424 sude·

70 2570 73 2575 ⁴
136 2493 151 2557 l
210 2570 212 2575 ,
249 2490 330 2557 Cum
353 2487 512 2553 venissem
533 2481 702 2575 insocrus
723 2510 815 2556 meae
842 2489 956 2557 villam
976 2489 1177 2574 Alsiensem,
1206 2482 1291 2577 quse
1312 2488 1395 2559 ali:

162 2590 390 2679 quandoRufi
410 2587 547 2676 Vergini
570 2589 652 2673 fuit,
680 2592 751 2678 ipse
772 2591 853 2657 mihi
873 2591 965 2659 locus
994 2592 1109 2679 optimi
1136 2591 1226 2659 illius
1247 2596 1282 2658 et
1303 2614 1373 2661 ma·
1386 2619 1414 2660 eo

163 2694 240 2761 nimi
273 2693 335 2758 uiri
368 2692 562 2758 desiderium
596 2717 664 2760 non
699 2695 770 2760 sine
802 2695 910 2761 dolore
937 2695 1116 2761 renovavit.
1165 2693 1254 2762 huno
1281 2696 1372 2763 enim

163 2797 307 2863 incolere
337 2817 497 2862 secessum
527 2800 624 2882 atque
653 2797 752 2862 etiarn
774 2798 951 2863 senectutis
980 2819 1058 2863 suae
1084 2797 1232 2866 nidulum
1255 2821 1374 2867 vocare

134 2902 385 2968 dconsueverat.
431 2919 630 2985 quocumque
656 2922 709 2964 me
728 2899 956 2983 contulissem,
983 2899 1076 2965 illum
1098 2900 1244 2989 animus,
1276 2900 1372 2969 illum

163 3002 247 3068 oculi
278 3000 497 3088 requirebant.
547 2988 644 3067 libuit
675 3001 773 3067 etiam
806 3004 1057 3079 monimentum·
1076 3003 1144 3069 eius
1176 3003 1302 3091 videre,
1328 3009 1372 3072 'et

107 3104 281 3174 ¹3vidisse
302 3103 474 3189 paenituit.
520 3107 570 3169 est
592 3104 679 3170 enim
707 3105 811 3172 adhuc
837 3105 1072 3191 inperfectum,
1101 3127 1163 3173 nec
1190 3106 1410 3175 difficultasrs

162 3206 268 3292 operis
289 3206 337 3272 in.
354 3227 452 3271 causa
484 3206 603 3273 modici
630 3229 669 3284 ac
695 3209 804 3293 potius
831 3208 958 3295 exigui,
987 3208 1044 3274 sed
1071 3209 1192 3275 inertia
1218 3210 1288 3275 eius
1306 3211 1371 3292 ¹coi

164 3329 241 3373 cura
261 3307 416 3373 mandata
439 3311 496 3374 est.
541 3309 630 3375 subit
650 3309 836 3396 indignatio
864 3332 938 3376 cum
964 3310 1189 3396 miseratione,
1217 3318 1293 3396 post
1315 3311 1370 3379 de·

163 3411 280 3476 cimum
302 3409 414 3475 mortis
436 3433 558 3476 annum
572 3411 725 3498 reliquias
746 3413 995 3498 neglectumque
1010 3413 1151 3478 cinerem
1166 3414 1237 3479 siue
1259 3414 1368 3500 titulo,

161 3512 232 3578 sine
253 3513 384 3578 nomine
406 3514 528 3599 iacere,
560 3516 649 3581 cuius
671 3517 826 3581 memoria
853 3515 963 3581 orbem
986 3519 1146 3583 terrarum
1168 3515 1275 3603 gloria
1295 3539 1370 3604 per·

229 3754 296 3809 lei'
308 3773 391 3824 quem
408 3759 533 3810 lnaei
552 3773 748 3824 quempeam
766 3774 848 3825 quoru
866 3770 903 3813 rs
989 3758 1183 3822 conferretp
1270 3763 1369 3813 tcum

161 3825 331 3877 contumelia
349 3826 444 3877 damni
461 3830 490 3876 Π
558 3831 574 3878 3
592 3827 740 3879 uindicabo
758 3832 831 3892 volpe
900 3829 917 3878 6
934 3825 1109 3879 ualidissime
1121 3830 1185 3891 Bpr
1202 3828 1369 3881 auidissimo

160 3895 210 3942 lta
287 3896 302 3945 7
321 3895 478 3946 necleotum
498 3898 526 3945 lt
612 3896 692 3947 dabis
710 3901 802 3946 autern
820 3897 912 3952 ures
930 3895 1009 3946 dauit
1026 3903 1122 3947 autern
1139 3898 1162 3946 1)
1179 3899 1268 3948 stabit
1286 3904 1369 3961 antp

119 3968 122 3973 '
228 3963 253 4014 si
269 3962 323 4014 hoc
341 3963 457 4028 perinde
475 3979 558 4015 curae
576 3970 621 4016 est
632 3967 699 4020 Dea
716 3965 741 4015 si
758 3965 811 4015 hoo
824 3964 939 4030 perinde
953 3979 1021 4014 eura
1034 3971 1078 4016 est
1091 3966 1120 4015 Ιί
1130 3967 1156 4016 si
1168 3965 1239 4018 haec
1251 3966 1368 4033 perinde

161 4045 227 4081 cura
245 4037 291 4082 est
307 4046 344 4096 pr

227 4099 310 4151 VIIII
331 4102 360 4150 12
379 4100 446 4164 quid
464 4103 556 4156 ursa
574 4102 646 4166 quod
665 4104 708 4166 Dp
780 4105 812 4152 lt
828 4102 973 4168 particeps
992 4118 1039 4155 om.
1058 4118 1074 4166 p

226 4168 251 4218 X
271 4170 415 4234 Adseripeu
434 4177 474 4219 est
494 4172 671 4234 dirorepontr'u
688 4173 786 4222 codicis
810 4171 980 4222 Monacensis
999 4171 1153 4224 Emruerumr'
1168 4175 1220 4223 641
1286 4173 1317 4223 18
1327 4174 1368 4222 r'rs·
1425 4185 1427 4192 ’

159 4237 266 4298 scriptto
284 4240 410 4300 epistulae
428 4239 520 4288 orrrisso
538 4247 578 4289 ese
594 4241 652 4289 iur
724 4242 755 4290 19
779 4238 961 4290 Alliensemr
1031 4239 1182 4306 aliquando
1200 4242 1292 4304 Dpra
1316 4240 1368 4292 eli·

160 4304 281 4367 quaudiu
300 4308 327 4355 ΙΙ
347 4307 513 4358 ,ilonocensr'e
615 4310 649 4358 20
668 4308 794 4373 Verginii
811 4322 851 4370 pa
873 4308 995 4374 Virginii
1013 4321 1049 4364 15
1152 4311 1184 4359 21
1205 4306 1368 4363 tenerae.

160 4369 231 4422 huno
249 4374 415 4428 Monacensis
552 4377 585 4425 22
603 4377 726 4428 incolere
743 4390 805 4438 psa
831 4374 993 4427 incolorsD
1024 4381 1053 4428 in
1080 4377 1208 4427 eslorer
1233 4376 1322 4428 colere
1339 4380 1368 4427 Ι

160 4439 339 4494 Monacensis:
357 4447 392 4508 ef.
413 4444 509 4507 1117,
528 4447 561 4493 29
629 4448 662 4497 23
682 4450 832 4496 consuerat
850 4459 867 4493 a
936 4447 969 4497 28
992 4445 1205 4509 necleetumque
1223 4446 1252 4494 Η
1305 4448 1366 4498 siue

158 4508 386 4578 tituloorrr.1)pr
490 4514 523 4565 29
542 4516 672 4577 tacerep
775 4514 908 4564 memoria
930 4530 979 4566 our.
998 4515 1165 4566 attenuemus
1268 4530 1367 4583 perua-

152 4583 241 4642 μίαν
255 4593 272 4628 r
