2934 4966
235 376 238 382 ,
265 322 513 375 nrrsrununou
530 312 665 371 rrb-aa.
689 302 824 396 [as-ss.]
856 314 892 385 (e.
909 315 1055 393 nnn-ns)
1209 307 1273 374 277

545 563 619 631 xx.
644 559 794 655 [xxxi]
836 623 839 635 .
939 510 943 519 ’

498 686 683 740 TRAIANUS
700 687 831 740 PLINIO

44 791 58 878 ,’
150 800 243 870 Nihil
265 826 346 892 opus
369 809 436 891 est,
464 807 510 872 mi
533 802 681 873 Secunde
703 804 884 890 carissime,
915 805 956 871 ad
979 805 1194 873 continendas
1222 784 1306 874 cu)
1347 786 1362 813 ⁶
1417 799 1430 813 ’

64 904 187 972 stodias
212 906 321 994 plures
353 907 588 976 commilitones
618 908 773 974 converti.
814 931 1055 994 perseveremus
1083 914 1117 975 in
1139 932 1178 975 ea
1200 931 1275 976 con·
1338 913 1344 920 “

37 1009 235 1078 csuetudine
256 1034 338 1099 quae
360 1012 417 1079 isti
430 1011 618 1098 provinciae
641 1014 707 1095 est,
731 1015 768 1078 ut
789 1034 848 1098 per
869 1012 1016 1098 publicos
1038 1033 1146 1078 servos
1170 1015 1275 1079 custo·

64 1110 208 1180 diantur.
239 1115 361 1180 etenim
382 1113 420 1180 ut
440 1114 580 1180 fideliter
600 1113 663 1180 hoe
683 1113 811 1181 faciant
836 1115 951 1181 intua
973 1115 1145 1181 severitate
1167 1137 1207 1182 ac
1229 1115 1274 1181 di·

64 1213 203 1303 ligentia
232 1216 374 1303 positum
402 1220 462 1284 est.
502 1216 538 1283 in
565 1216 678 1303 primis
706 1217 809 1303 enim,
833 1216 919 1284 siout
940 1216 1071 1302 scribis,
1100 1217 1275 1284 verendum

65 1320 192 1404 estne,
222 1320 250 1385 si
271 1320 529 1407 permisceantur
550 1322 651 1387 servis
673 1319 813 1406 publicis
835 1320 972 1405 milites,
999 1323 1111 1386 mutua
1131 1321 1218 1388 inter
1240 1344 1274 1388 se

64 1420 184 1488 fiducia
198 1422 460 1511 neglegentiores
474 1423 551 1489 sint.
580 1422 636 1489 sed
652 1425 686 1488 et
706 1422 787 1488 illud
801 1421 934 1490 haereat
954 1423 1060 1510 nobis,
1084 1446 1181 1510 quam
1195 1447 1274 1510 pau·

28 1538 52 1581 1⁰
65 1523 210 1590 cissimos
232 1525 351 1593 milites
374 1548 393 1590 a
415 1525 520 1613 signis
542 1527 723 1592 avocandos
745 1547 826 1593 esse.

528 1696 618 1763 xxr.
644 1694 806 1788 [xxxin]
843 1670 844 1673 ‘

347 1816 378 1869 0.
397 1819 546 1872 PLINIUS
565 1819 728 1874 TRAIANO
745 1820 981 1874 IMPERATORI

151 1936 273 2004 Gavius
295 1935 434 2022 Bassus,
457 1935 642 2023 praefectus
665 1959 740 2003 orae
761 1937 936 2023 Ponticae,
960 1943 993 2005 et
1014 1937 1274 2009 reverentissime

62 2042 98 2105 et
119 2040 366 2124 officiosissime,
391 2040 531 2124 domine,
555 2040 647 2107 venit
661 2041 703 2107 ad
717 2064 770 2132 me
785 2045 819 2107 et
842 2042 1059 2128 compluribus
1075 2043 1187 2110 diebus
1210 2045 1277 2111 fuit·

20 2159 47 2202 1s
60 2163 204 2228 mecum3
233 2145 392 2230 quantum
418 2144 604 2229 perspicere
625 2144 733 2229 potui,
763 2147 813 2210 vir
840 2145 991 2232 egregius
1014 2149 1047 2211 et
1068 2146 1275 2234 indulgentia

60 2249 121 2310 tua
143 2247 272 2333 dignus.
307 2246 359 2312 cui
381 2268 442 2333 ego
463 2250 577 2312 notum
598 2247 663 2313 feci
685 2247 889 2333 praecepisse
910 2252 944 2313 te
967 2251 1004 2313 ut
1025 2271 1064 2314 ex
1088 2249 1274 2316 cohortibus
1361 2272 1362 2275 ¹

61 2348 180 2434 quibus
202 2371 253 2415 me
282 2371 431 2435 praeesse
453 2349 582 2415 voluisti
606 2353 780 2416 contentus
803 2355 889 2416 esset
911 2351 1126 2417 beneficiariis
1150 2352 1272 2440 decem,
1358 2351 1361 2358 ’

62 2450 231 2537 equitibus
248 2451 386 2538 duobus,
419 2453 608 2519 centurione
635 2475 711 2523 une·
725 2524 729 2529 ,
742 2454 911 2543 respondit
925 2531 927 2535 y
939 2475 1006 2533 non
1034 2454 1182 2520 sufficere
1210 2455 1274 2521 sibi

61 2553 152 2619 hunc
174 2558 361 2640 numerum,
383 2555 480 2641 idque
502 2578 537 2620 se
552 2553 844 2640 scriptui·uin‘.libi'.·
876 2555 940 2624 hoc
953 2557 989 2621 in
1002 2544 1103 2628 ‚cuusa
1124 2557 1189 2623 fuit
1211 2580 1273 2644 quo

19 2675 49 2717 ao
62 2655 171 2722 minus
193 2657 306 2724 statim
326 2659 523 2724 revocandos
544 2647 795 2746 putarem'quos
817 2659 920 2725 hebet
939 2648 1238 2745 supra3nun1erum.

508 2793 823 2920 XX11.[XXX111.]
880 2829 883 2836 ·
968 2892 972 2898 ,
1019 2822 1025 2836 ’·

498 2951 683 3004 TRAIANUS
702 2953 831 3004 PLINIO

149 3067 194 3134 Et
220 3068 300 3134 milri
328 3069 460 3155 scripsit
482 3069 604 3135 Gavius
628 3068 748 3135 Bassus
770 3092 838 3135 non
861 3071 1009 3136 sufficere
1032 3071 1094 3137 sibi
1117 3094 1190 3138 eum
1212 3074 1270 3139 mi-

63 3171 158 3236 litum
172 3194 341 3237 numerum
356 3174 411 3259 qui
426 3175 610 3238 uideretur
632 3173 680 3238 illi
695 3173 859 3238 mandatis
874 3175 955 3240 meis
979 3175 1164 3260 complexus
1187 3198 1268 3242 sum.

28 3287 52 3328 ²⁵
64 3274 116 3339 cui
131 3296 212 3359 quae
234 3276 470 3360 rescripsissem
485 3280 522 3341 ut
536 3279 650 3342 notum
666 3275 818 3361 haberes,
842 3276 893 3341 his
915 3277 1033 3342 litteris
1054 3276 1157 3343 subici
1178 3278 1268 3357 iussi.

63 3377 200 3442 multum
227 3377 366 3444 interest
386 3390 405 3456 ’ς
427 3383 461 3444 te
488 3381 603 3464 poscat
620 3401 664 3467 an
694 3358 842 3445 homines
863 3380 899 3445 in
921 3402 955 3444 se
977 3383 1014 3444 ut
1035 3367 1133 3445 latius
1154 3364 1268 3446 velint.

60 3479 157 3544 nobis
179 3483 288 3546 autem
309 3480 435 3546 utilitas
457 3482 585 3546 demum
608 3482 785 3566 spectanda
808 3486 872 3568 est,
893 3485 1101 3571 etquantum
1122 3483 1193 3549 fieri
1214 3505 1269 3569 po·
1366 3549 1368 3553 ,

60 3586 143 3667 test,
167 3584 345 3650 curandum
357 3606 408 3650 ne
430 3584 549 3650 milites
572 3608 591 3649 a
613 3584 718 3670 siguis
740 3585 858 3651 absint.

60 3741 266 3753 u———u—

129 3843 182 3894 XX
199 3847 215 3896 3
234 3841 303 3912 opus
321 3850 365 3897 est
385 3847 531 3897 Coronaeus
550 3861 620 3912 opus
638 3847 676 3896 sit
692 3859 710 3894 a

129 3911 196 3962 xxl
213 3913 257 3965 De
276 3930 392 3966 numero
412 3915 532 3965 militnm
553 3915 641 3966 Gabio
660 3916 749 3966 Basso
768 3914 914 3979 praefecto
933 3913 1142 3981 adsignatorum
1161 3931 1178 3965 a
1241 3918 1275 3968 13

59 3981 167 4032 Gavius
185 3982 218 4032 L.
237 3983 332 4035 Carrio
350 3986 447 4035 emend.
468 3984 487 4033 Ι
503 3989 518 4032 7
536 3984 643 4035 Gabios
661 3998 679 4033 ι
703 4018 709 4028 .

128 4049 209 4100 xxn
227 4053 261 4101 23
280 4053 387 4103 Gabios
406 4066 424 4101 ι
474 4055 508 4103 25
521 4054 565 4102 cui
579 4067 651 4116 qnae
664 4048 885 4118 rescripsissem]
905 4051 978 4114 Quid
992 4051 1104 4116 quaeris
1122 4052 1268 4117 scripsisse

58 4135 103 4169 me
123 4133 140 4167 ι
157 4120 222 4182 quoi
241 4135 312 4185 qnae
330 4122 519 4188 rescripserim
539 4121 687 4173 Gebeuerus
705 4123 797 4185 oripin.
809 4122 883 4181 feodi
899 4137 926 4184 p.
945 4123 961 4170 8
1042 4122 1075 4171 ‘26
1094 4119 1208 4170 multum
1226 4121 1269 4170 in·

57 4192 162 4246 teresi,
189 4203 234 4238 res
253 4194 365 4253 poscat,
394 4205 429 4240 an
451 4189 579 4240 homines
597 4191 735 4256 imperare
763 4189 849 4238 latius
872 4189 959 4238 velint
975 4191 1048 4254 culpo
1067 4205 1102 4239 ex
1119 4192 1269 4239 coniectura

58 4258 187 4307 Coronaei
204 4258 318 4309 multum
333 4259 468 4322 interest,
488 4264 597 4324 tempus
616 4262 728 4324 poscat,
749 4272 784 4306 an
797 4257 921 4309 homines
940 4258 998 4307 iure
1015 4258 1057 4307 uti
1074 4257 1158 4307 latins
1177 4257 1267 4308 velint

57 4323 191 4380 Orelliro.
210 4329 327 4390 fortusse
345 4327 461 4378 multum
478 4329 614 4391 interest,
642 4327 672 4377 in
696 4333 801 4393 tempus
820 4331 932 4392 poscat,
960 4341 996 4376 an
1014 4327 1067 4378 hoc
1085 4341 1196 4378 munere
1215 4323 1268 4392 (vel

55 4393 226 4468 ministerio)
244 4397 288 4447 uti
305 4395 394 4448 latius
411 4396 484 4448 velit
