2934 4966
177 260 241 327 336
703 274 735 325 o.
758 275 855 325 eamr

177 429 412 514 tranquillitate
433 430 592 495 modestia
613 429 817 497 differebant.
848 430 904 496 ubi
928 451 1002 495 vero
1028 431 1163 517 coepisti
1186 430 1390 516 Capitolium

177 531 366 616 ascendere,
389 553 488 616 quam
502 533 589 599 laeta
603 533 753 599 omnibus
772 532 955 619 adoptionis
976 537 1052 599 tuae
1066 533 1267 600 recordatio!
1291 554 1390 620 quam

176 634 339 720 peculiare
360 633 515 720 gaudium
538 658 648 702 eorum
669 637 724 722 qui
746 639 779 702 te
804 636 901 722 primi
923 635 1036 702 eodem
1062 636 1133 703 loeo
1160 637 1390 703 salutaverant

175 739 418 823 imperatorem!
449 738 528 824 quin
550 740 649 804 etiam
671 738 766 804 deum
787 739 895 825 ipsum
912 749 1033 820 patrem
1055 741 1147 803 tuum
1174 739 1388 825 praecipuam

97 856 99 860 ⁴
176 840 377 925 voluptatem
405 842 511 926 operis
539 841 588 906 sui
615 842 798 927 percepisse
826 841 1026 908 crediderim.
1059 842 1098 906 ut
1124 839 1256 926 quidem
1283 841 1410 908 isdus

176 943 321 1029 vestigiis
343 943 508 1028 institisti,
537 944 654 1029 quibus
676 961 794 1028 parens
816 949 890 1022 tuus
912 943 1031 1029 ingens
1052 942 1132 1007 illud
1155 943 1291 1008 deorum
1313 965 1387 1030 pro

174 1045 298 1112 laturus
321 1068 493 1130 arcanum,
517 1067 599 1132 qnae
621 1045 898 1111 circumstantium
913 1045 1048 1131 gaudia!
1071 1066 1169 1131 quam
1189 1065 1308 1111 recens
1324 1045 1393 1122 cla,

175 1149 263 1214 mor!
287 1170 384 1234 quam
406 1149 521 1214 similis
542 1148 593 1214 illi
608 1146 688 1232 dies,
705 1147 761 1233 qui
773 1146 862 1213 hunc
876 1148 991 1234 genuit
1013 1147 1114 1213 diem!
1136 1151 1175 1213 ut
1186 1147 1288 1234 plena
1304 1147 1386 1214 alta-

176 1248 281 1335 ribus,
304 1253 446 1336 angusta
468 1250 607 1317 victimis
630 1250 764 1316 cunctat
787 1253 826 1316 ut
845 1251 882 1315 in
902 1248 999 1316 unius
1014 1248 1153 1315 salutem
1175 1249 1297 1317 collata
1316 1266 1385 1325 {om-

174 1351 273 1417 nium'
288 1353 381 1417 votet
406 1374 481 1417 cum
502 1353 565 1418 sibi
586 1375 621 1420 se
643 1374 681 1418 ac
695 1352 807 1419 liberis
828 1353 894 1419 suis
908 1352 1140 1438 intellegerent
1158 1351 1285 1439 precari
1301 1375 1385 1444 quae
1397 1378 1419 1418 n

174 1475 234 1537 pro
255 1457 288 1519 te
308 1459 532 1540 precarentur.
571 1456 648 1522 inde
669 1459 707 1521 tu
728 1454 764 1521 in
785 1455 944 1542 palatium
965 1453 1111 1540 quidem,
1139 1456 1195 1521 sed
1217 1477 1256 1522 eo
1276 1455 1383 1541 vultu,

176 1577 214 1621 ea
235 1557 471 1642 moderatione,
495 1562 533 1624 ut
554 1559 582 1624 si
602 1558 765 1643 privatam
787 1557 918 1623 domum
931 1559 1074 1643 peteres3
1097 1557 1196 1622 ceteri
1218 1546 1261 1624 ad
1282 1574 1384 1647 pena·

90 1697 98 1721 0
174 1661 224 1724 tes
251 1680 325 1725 suos
352 1660 504 1746 quisque,
532 1662 708 1725 iteraturus
735 1659 982 1745 gaudiifidem,
1010 1659 1068 1725 ubi
1088 1657 1181 1724 nulla
1201 1661 1383 1727 necessitas

122 1763 166 1829 14
174 1761 337 1847 gaudendi
365 1766 423 1827 est.
470 1764 638 1828 onerasset
659 1761 759 1827 alium
788 1761 973 1828 eiusmodi
999 1760 1234 1846 introitus3'tu
1261 1763 1382 1829 cotidie

175 1863 395 1930 admirabilior
410 1868 443 1930 et
456 1864 586 1949 melior,
608 1864 683 1930 talis
698 1864 853 1951 denique,
875 1864 987 1951 quales
1002 1863 1059 1930 elii
1073 1864 1239 1951 principes
1253 1864 1381 1931 futuros
1393 1892 1416 1934 n

173 1988 208 2032 se
230 1970 360 2032 tentum
381 1967 585 2052 pollicentur.
616 1966 721 2035 solum
742 1989 821 2054 ergo
842 1971 876 2034 te
891 1967 1096 2034 commendat
1116 1970 1280 2054 augetque
1302 1970 1381 2033 tem·

79 2095 81 2098 ·
173 2070 261 2154 poris
282 2069 434 2155 spatium,
471 2069 607 2135 iunxisti
635 2070 722 2136 enim
744 2091 783 2136 ac
805 2069 964 2136 miscuisti
985 2091 1037 2135 res
1058 2069 1311 2154 diversissimas,
1334 2090 1381 2135 se·

116 2180 119 2185 ’
175 2171 346 2238 caritatem
368 2171 444 2239 olim
459 2172 651 2257 imperantis
673 2177 708 2240 et
719 2172 909 2258 ,incipientis
923 2173 1089 2259 pudorem.
1119 2193 1187 2238 non
1207 2175 1246 2238 tu
1261 2170 1380 2239 civium

174 2274 341 2360 amplexus
375 2275 416 2340 ad
447 2269 546 2360 pedes
574 2278 647 2341 tuos
676 2275 828 2362 deprimis
861 2297 925 2366 nee
950 2275 1095 2342 osculum
1127 2297 1231 2342 manu.
1253 2273 1380 2340 reddis:

84 2409 85 2412 ¹
173 2379 283 2443 manet
303 2377 492 2463 imperatori
514 2399 595 2464 quae
615 2378 705 2464 prior
726 2378 792 2444 oris
812 2376 1013 2444 humanitas:
1028 2376 1209 2444 incedebas
1230 2376 1411 2464 pedibusue

71 2486 90 2560 J
172 2479 312 2545 incedis:
344 2479 519 2545 laetabaris
545 2479 671 2564 labore,
700 2479 849 2565 laetans3
881 2479 1055 2566 eademque
1082 2479 1141 2546 illa
1162 2501 1246 2567 quae
1268 2479 1391 2559 omnia.

174 2583 260 2650 circa
281 2586 314 2648 te
336 2572 419 2647 nibil
440 2582 562 2667 inipso
582 2585 617 2647 te
632 2582 925 2649 fortunamutavit.
955 2581 1157 2649 liberumest
1169 2581 1377 2669 ingrediente

173 2705 232 2771 per
245 2684 412 2770 publicum
426 2685 575 2770 principe
589 2684 776 2771 subsistere,
799 2706 977 2770 occurrere,
994 2685 1158 2770 comitari,
1181 2679 1376 2770 praeterire:

166 2788 318 2854 ,ambulas
341 2787 428 2853 inter
449 2810 525 2874 nos,
548 2809 617 2854 non
639 2789 731 2875 quasi
754 2790 942 2875 contingas,
965 2791 999 2854 et
1014 2788 1140 2874 copiam
1161 2787 1227 2874 tui,
1248 2810 1320 2854 non
1341 2791 1376 2853 nt

237 3135 257 3184 ,1
275 3133 401 3184 omnibus
415 3148 466 3183 um.
484 3134 508 3182 A
593 3133 727 3184 &leodem
744 3132 807 3184 loco
825 3133 911 3185 ΜΒ
981 3131 1175 3184 salutauerant
1191 3134 1281 3185 cadesa
1297 3133 1376 3186 Solis·

64 3230 66 3233 ·
172 3201 305 3267 turpensis
323 3201 465 3252 Sclworzia'
481 3209 507 3252 et
525 3202 655 3253 Liuineius
668 3200 864 3252 salutauerunt
880 3200 948 3251 ABe
968 3200 1192 3253 salutauerintd
1260 3201 1374 3254 Adsum

170 3271 261 3336 ipsum
284 3274 392 3335 patrem
416 3275 493 3319 tuum
511 3269 659 3321 Beroaldus
682 3268 763 3320 deum
785 3269 888 3332 (eleum
910 3270 938 3336 d)
964 3271 1054 3335 ipsum
1077 3275 1154 3321 tuum
1175 3270 1269 3321 asad
1296 3270 1375 3320 deum

171 3338 262 3403 ipsum
279 3343 336 3387 tum
355 3339 488 3388 Livineius
555 3341 620 3390 but
638 3338 710 3403 quod
727 3337 869 3400 hisdemss
955 3339 1189 3404 timploraturus
1205 3341 1230 3388 A
1300 3342 1375 3391 tre·

171 3403 248 3472 cens]
268 3421 370 3472 repens
386 3407 493 3472 Lipsius
523 3445 526 3452 .
551 3454 553 3458 ,
577 3406 654 3458 silli
672 3407 729 3458 dici
752 3408 800 3472 qui
817 3407 889 3457 hunc
908 3407 1005 3472 genuit
1022 3407 1083 3458 dies
1102 3409 1233 3458 Liuineius
1302 3406 1375 3457 huuc

132 3474 259 3524 *aab
344 3477 498 3539 sanguesa
515 3488 552 3531 ος
649 3477 678 3526 in
700 3475 783 3527 unius
800 3474 919 3526 salutem
939 3474 1043 3527 collata
1060 3476 1077 3524 d
1094 3477 1227 3529 Livineius
1244 3476 1275 3526 in
1292 3476 1375 3526 unius

172 3541 263 3594 salute
283 3542 388 3594 collata
404 3544 472 3595 ase
488 3545 519 3594 in
535 3544 616 3595 unius
635 3543 726 3595 salute
746 3543 887 3595 collocata
904 3546 961 3594 cod.
980 3545 1088 3597 Mediol.
1186 3547 1220 3597 10
1238 3540 1286 3613 ac]
1307 3549 1336 3595 et
1351 3545 1375 3593 A

180 3617 189 3632 ⁸
241 3613 272 3661 11
291 3611 341 3663 sed
359 3628 406 3664 om.
425 3613 454 3661 d:
473 3612 522 3663 sed
541 3629 574 3664 eo
592 3612 672 3664 uultu
690 3612 739 3664 sed
758 3629 792 3663 ea
809 3611 998 3663 moderatione
1022 3615 1079 3665 eod.
1099 3614 1207 3665 Medici.
1226 3625 1244 3668 ς
1343 3615 1375 3662 14

172 3676 267 3746 alium]
286 3680 361 3731 alius
379 3680 394 3744 β
463 3681 546 3732 buius
563 3698 633 3734 corr.
653 3684 686 3735 al.
703 3697 771 3733 man.
789 3682 850 3732 eius
868 3680 883 3743 β
901 3680 983 3731 huius
1001 3695 1016 3730 c
1100 3684 1135 3734 10
1152 3697 1207 3747 que
1225 3682 1303 3747 prior
1320 3681 1375 3731 oris

172 3747 330 3799 humanitas
347 3750 389 3798 Aa
408 3764 460 3814 que
478 3750 554 3816 prior
571 3751 612 3801 ori
630 3750 789 3800 humanitas
808 3749 823 3810 β
841 3763 893 3814 que
913 3748 1001 3814 prima
1020 3751 1076 3800 oris
1088 3750 1285 3802 ‘humanitasd
1303 3764 1375 3815 quae

171 3817 320 3881 prioratis
340 3818 396 3867 oris
414 3817 542 3868 humanis
562 3817 640 3882 (corr.
660 3817 764 3882 —ni)b
783 3833 852 3883 quae
871 3817 971 3882 prioris
989 3816 1146 3870 humanitas
1159 3822 1217 3871 cod.
1230 3819 1340 3870 Mentor.
1359 3828 1375 3871 ς

172 3899 244 3949 quae
263 3886 339 3950 prior
356 3885 514 3937 humanitas
533 3886 679 3937 Catanneus
702 3901 773 3951 quae
793 3886 868 3951 prius
891 3887 948 3936 oris
972 3886 1129 3938 humanitas
1146 3890 1281 3941 Liuineius
1303 3901 1374 3953 quae

172 3953 248 4018 prior
265 3955 321 4003 oris
339 3953 498 4004 hnmanitas
517 3954 632 4006 dextrae
651 3954 821 4005 uerecundia
840 3954 1010 4020 cuspinianus
1096 3959 1129 4008 11
1149 3957 1302 4021 eademque
1322 3970 1375 4005 om·

172 4023 219 4071 xiia
237 4021 288 4072 illa
308 4023 384 4073 circa
402 4028 430 4073 te
449 4022 518 4072 nihil
535 4023 596 4088 ipso
615 4025 726 4078 teABs
745 4023 896 4088 eademque
915 4022 964 4073 illa
977 4025 1070 4075 omnia
1088 4027 1164 4077 eirca
1182 4030 1211 4076 te
1230 4023 1301 4074 nihil
1314 4025 1374 4087 ipso

171 4094 200 4141 te
218 4091 235 4140 d
253 4091 405 4157 eademque
425 4108 458 4142 ea
476 4093 569 4143 omnia
588 4094 666 4143 circa
684 4099 712 4142 te
730 4090 816 4142 nichil
834 4093 862 4141 in
880 4092 941 4158 ipso
959 4097 987 4142 te
1006 4107 1020 4142 c
1044 4093 1198 4160 eademque
1216 4093 1300 4158 (quae
1313 4090 1374 4141 add.

173 4158 308 4222 Gruterus)
328 4166 423 4212 omnia
440 4160 491 4211 illa
509 4163 583 4211 circa
602 4166 630 4211 te
649 4160 719 4210 nibil
738 4162 828 4226 ipsum
846 4165 874 4209 te
888 4162 1018 4211 Livineius
1036 4171 1062 4212 et
1075 4163 1201 4214 Gruterus
1220 4160 1374 4223 eademque

87 4283 90 4288 ¹
171 4229 277 4279 omnia:
297 4231 337 4279 ita
357 4230 495 4294 circata,
515 4228 583 4279 nihil
602 4230 710 4294 inipso
730 4234 757 4280 te
776 4231 882 4293 Lipsius
900 4228 996 4279 eadem
1021 4245 1090 4297 quae
1112 4232 1207 4282 omnia
1229 4227 1280 4278 illa
1299 4227 1374 4276 circa

171 4300 200 4345 te
218 4296 289 4347 nihil
306 4299 335 4348 in
353 4299 414 4364 ipso
436 4304 465 4348 te
486 4298 614 4349 Gesnerus
636 4299 787 4364 cariemque
810 4298 903 4348 omnia
926 4296 977 4348 illa
999 4301 1076 4350 circa
1099 4306 1143 4363 te,
1167 4297 1238 4348 nihil
1262 4297 1325 4362 ipsa
1348 4300 1374 4346 te

171 4362 332 4417 Seboarzius
401 4370 433 4418 11
452 4368 651 4433 ingredientem
669 4384 720 4433 per
737 4366 875 4432 publicum
899 4367 1052 4419 subsistere
1070 4370 1094 4418 A
1180 4368 1214 4416 14
1232 4365 1306 4415 inter
1325 4379 1374 4414 nos

171 4447 225 4483 non
244 4436 324 4500 quasi
343 4437 529 4502 contingas!
555 4436 630 4488 inter
651 4452 702 4487 nos
720 4453 775 4488 non
799 4436 880 4499 quasi
899 4436 1044 4503 contingat
1061 4438 1106 4491 Δς
1133 4436 1207 4486 inter
1225 4449 1276 4485 nos
1295 4434 1375 4500 quasi

167 4503 318 4621 mium
336 4518 350 4554 ο
368 4507 440 4557 inter
458 4521 508 4556 nos
526 4510 557 4555 ut
575 4506 658 4572 quasi
676 4506 853 4572 contingasd
869 4505 944 4556 inter
960 4521 1013 4557 nos
1025 4521 1081 4557 non
1098 4510 1130 4555 ut
1148 4503 1299 4569 contingas
1317 4504 1376 4555 cod.

200 4574 276 4625 eiol.
346 4579 476 4629 uterus
