<?xml version="1.0" encoding="UTF-8"?>
<!DOCTYPE html PUBLIC "-//W3C//DTD XHTML 1.0 Transitional//EN"
    "http://www.w3.org/TR/xhtml1/DTD/xhtml1-transitional.dtd">
<html xmlns="http://www.w3.org/1999/xhtml" xml:lang="en" lang="en">
 <head>
  <title>
</title>
<meta http-equiv="Content-Type" content="text/html;charset=utf-8" />
  <meta name='ocr-system' content='tesseract 3.04.00' />
  <meta name='ocr-capabilities' content='ocr_page ocr_carea ocr_par ocr_line ocrx_word'/>
</head>
<body>
  <div class='ocr_page' id='page_1' title='image "./cplinicaecilise00plingoog_0084.png"; bbox 0 0 2934 4966; ppageno 0'>
   <div class='ocr_carea' id='block_1_1' title="bbox 368 294 958 366">
    <p class='ocr_par' dir='ltr' id='par_1_1' title="bbox 368 294 958 366">
     <span class='ocr_line' id='line_1_1' title="bbox 368 294 958 366; baseline 0.003 -16"><span class='ocrx_word' id='word_1_1' title='bbox 368 347 370 350; x_wconf 78' lang='grc'>,</span> <span class='ocrx_word' id='word_1_2' title='bbox 412 302 663 353; x_wconf 66' lang='lat' dir='ltr'>EPISTULARUM</span> <span class='ocrx_word' id='word_1_3' title='bbox 684 302 710 354; x_wconf 86' lang='lat'>1.</span> <span class='ocrx_word' id='word_1_4' title='bbox 732 299 788 350; x_wconf 66' lang='lat'>215</span> <span class='ocrx_word' id='word_1_5' title='bbox 796 299 839 350; x_wconf 75' lang='lat'>22.</span> <span class='ocrx_word' id='word_1_6' title='bbox 861 294 898 365; x_wconf 70' lang='lat' dir='ltr'>(a.</span> <span class='ocrx_word' id='word_1_7' title='bbox 913 296 958 366; x_wconf 74' lang='lat'>97)</span> 
     </span>
    </p>
   </div>
   <div class='ocr_carea' id='block_1_2' title="bbox 54 563 1386 1284">
    <p class='ocr_par' dir='ltr' id='par_1_2' title="bbox 228 563 1028 639">
     <span class='ocr_line' id='line_1_2' title="bbox 228 563 1028 639; baseline 0.004 -4"><span class='ocrx_word' id='word_1_8' title='bbox 228 563 231 569; x_wconf 76' lang='grc'><em>’</em></span> <span class='ocrx_word' id='word_1_9' title='bbox 273 614 298 621; x_wconf 69' lang='lat'>-.</span> <span class='ocrx_word' id='word_1_10' title='bbox 356 582 387 635; x_wconf 92' lang='lat' dir='ltr'>c.</span> <span class='ocrx_word' id='word_1_11' title='bbox 404 581 555 637; x_wconf 76' lang='lat' dir='ltr'>surmus</span> <span class='ocrx_word' id='word_1_12' title='bbox 573 583 701 636; x_wconf 74' lang='lat' dir='ltr'>annuo</span> <span class='ocrx_word' id='word_1_13' title='bbox 719 583 890 637; x_wconf 71' lang='lat' dir='ltr'>Parnaso</span> <span class='ocrx_word' id='word_1_14' title='bbox 909 582 980 637; x_wconf 90' lang='lat' dir='ltr'>suo</span> <span class='ocrx_word' id='word_1_15' title='bbox 999 582 1028 639; x_wconf 85' lang='lat' dir='ltr'>a.</span> 
     </span>
    </p>

    <p class='ocr_par' dir='ltr' id='par_1_3' title="bbox 54 699 1337 1098">
     <span class='ocr_line' id='line_1_3' title="bbox 176 699 1337 789; baseline 0.001 -20"><span class='ocrx_word' id='word_1_16' title='bbox 176 701 224 770; x_wconf 90' lang='lat' dir='ltr'>Ut</span> <span class='ocrx_word' id='word_1_17' title='bbox 245 702 347 769; x_wconf 89' lang='lat' dir='ltr'>animi</span> <span class='ocrx_word' id='word_1_18' title='bbox 366 702 416 767; x_wconf 89' lang='lat' dir='ltr'>tui</span> <span class='ocrx_word' id='word_1_19' title='bbox 430 701 550 767; x_wconf 90' lang='lat' dir='ltr'>iudicio</span> <span class='ocrx_word' id='word_1_20' title='bbox 564 700 612 766; x_wconf 86' lang='lat' dir='ltr'>sic</span> <span class='ocrx_word' id='word_1_21' title='bbox 626 699 791 767; x_wconf 89' lang='lat' dir='ltr'>oculorum</span> <span class='ocrx_word' id='word_1_22' title='bbox 806 701 981 787; x_wconf 89' lang='lat' dir='ltr'>plurimum</span> <span class='ocrx_word' id='word_1_23' title='bbox 994 702 1119 788; x_wconf 70' lang='lat' dir='ltr'>tribuo,</span> <span class='ocrx_word' id='word_1_24' title='bbox 1140 724 1208 768; x_wconf 91' lang='lat' dir='ltr'>non</span> <span class='ocrx_word' id='word_1_25' title='bbox 1223 702 1299 789; x_wconf 86' lang='lat' dir='ltr'>quia</span> <span class='ocrx_word' id='word_1_26' title='bbox 1309 710 1337 773; x_wconf 69' lang='lat' dir='ltr'>l&#39;</span> 
     </span>
     <span class='ocr_line' id='line_1_4' title="bbox 84 803 1298 892; baseline 0 -20"><span class='ocrx_word' id='word_1_27' title='bbox 84 805 245 890; x_wconf 87' lang='lat' dir='ltr'>multum,</span> <span class='ocrx_word' id='word_1_28' title='bbox 273 826 316 871; x_wconf 92' lang='lat' dir='ltr'>ne</span> <span class='ocrx_word' id='word_1_29' title='bbox 337 805 399 871; x_wconf 88' lang='lat' dir='ltr'>tibi</span> <span class='ocrx_word' id='word_1_30' title='bbox 421 804 567 891; x_wconf 81' lang='lat' dir='ltr'>placeas,</span> <span class='ocrx_word' id='word_1_31' title='bbox 598 803 656 869; x_wconf 88' lang='lat' dir='ltr'>sed</span> <span class='ocrx_word' id='word_1_32' title='bbox 676 805 755 890; x_wconf 91' lang='lat' dir='ltr'>quia</span> <span class='ocrx_word' id='word_1_33' title='bbox 776 808 907 870; x_wconf 88' lang='lat' dir='ltr'>tantum</span> <span class='ocrx_word' id='word_1_34' title='bbox 928 808 1087 892; x_wconf 89' lang='lat' dir='ltr'>quantum</span> <span class='ocrx_word' id='word_1_35' title='bbox 1110 827 1171 891; x_wconf 83' lang='lat' dir='ltr'>ego</span> <span class='ocrx_word' id='word_1_36' title='bbox 1193 806 1298 892; x_wconf 84' lang='lat' dir='ltr'>sapis:</span> 
     </span>
     <span class='ocr_line' id='line_1_5' title="bbox 54 907 1329 996; baseline 0 -21"><span class='ocrx_word' id='word_1_37' title='bbox 54 930 285 996; x_wconf 78' lang='lat' dir='ltr'>aquamqnam</span> <span class='ocrx_word' id='word_1_38' title='bbox 306 907 370 975; x_wconf 91' lang='lat' dir='ltr'>hoc</span> <span class='ocrx_word' id='word_1_39' title='bbox 391 930 517 995; x_wconf 90' lang='lat' dir='ltr'>quoque</span> <span class='ocrx_word' id='word_1_40' title='bbox 537 907 675 974; x_wconf 88' lang='lat' dir='ltr'>multum</span> <span class='ocrx_word' id='word_1_41' title='bbox 698 911 757 973; x_wconf 86' lang='lat' dir='ltr'>cst.</span> <span class='ocrx_word' id='word_1_42' title='bbox 787 909 915 974; x_wconf 86' lang='lat' dir='ltr'>omissis</span> <span class='ocrx_word' id='word_1_43' title='bbox 936 909 1016 976; x_wconf 86' lang='lat' dir='ltr'>iocis</span> <span class='ocrx_word' id='word_1_44' title='bbox 1031 910 1126 975; x_wconf 89' lang='lat' dir='ltr'>credo</span> <span class='ocrx_word' id='word_1_45' title='bbox 1147 909 1329 983; x_wconf 75' lang='lat' dir='ltr'>decentes?</span> 
     </span>
     <span class='ocr_line' id='line_1_6' title="bbox 86 1010 1300 1098; baseline 0 -20"><span class='ocrx_word' id='word_1_46' title='bbox 86 1033 307 1097; x_wconf 72' lang='lat' dir='ltr'>asseremus,</span> <span class='ocrx_word' id='word_1_47' title='bbox 337 1012 393 1098; x_wconf 93' lang='lat' dir='ltr'>qui</span> <span class='ocrx_word' id='word_1_48' title='bbox 420 1015 499 1079; x_wconf 80' lang='lat' dir='ltr'>s&#39;unt</span> <span class='ocrx_word' id='word_1_49' title='bbox 526 1011 626 1097; x_wconf 91' lang='lat' dir='ltr'>empti</span> <span class='ocrx_word' id='word_1_50' title='bbox 649 1010 730 1076; x_wconf 92' lang='lat' dir='ltr'>mihi</span> <span class='ocrx_word' id='word_1_51' title='bbox 757 1033 796 1076; x_wconf 87' lang='lat' dir='ltr'>ex</span> <span class='ocrx_word' id='word_1_52' title='bbox 824 1011 959 1078; x_wconf 85' lang='lat' dir='ltr'>consilio</span> <span class='ocrx_word' id='word_1_53' title='bbox 987 1015 1060 1078; x_wconf 87' lang='lat' dir='ltr'>tuo:</span> <span class='ocrx_word' id='word_1_54' title='bbox 1088 1014 1236 1097; x_wconf 77' lang='lat' dir='ltr'>superest</span> <span class='ocrx_word' id='word_1_55' title='bbox 1262 1015 1300 1078; x_wconf 91' lang='lat' dir='ltr'>ut</span> 
     </span>
    </p>

    <p class='ocr_par' dir='ltr' id='par_1_4' title="bbox 84 1112 1386 1284">
     <span class='ocr_line' id='line_1_7' title="bbox 84 1112 1299 1205; baseline -0.001 -25"><span class='ocrx_word' id='word_1_56' title='bbox 84 1114 180 1201; x_wconf 78' lang='lat' dir='ltr'>frugi</span> <span class='ocrx_word' id='word_1_57' title='bbox 202 1112 285 1199; x_wconf 87' lang='lat' dir='ltr'>sint,</span> <span class='ocrx_word' id='word_1_58' title='bbox 313 1114 399 1200; x_wconf 89' lang='lat' dir='ltr'>quod</span> <span class='ocrx_word' id='word_1_59' title='bbox 425 1114 465 1180; x_wconf 89' lang='lat' dir='ltr'>dc</span> <span class='ocrx_word' id='word_1_60' title='bbox 487 1113 657 1205; x_wconf 83' lang='lat' dir='ltr'>venalibus</span> <span class='ocrx_word' id='word_1_61' title='bbox 678 1115 794 1180; x_wconf 87' lang='lat' dir='ltr'>melius</span> <span class='ocrx_word' id='word_1_62' title='bbox 815 1115 947 1181; x_wconf 87' lang='lat' dir='ltr'>auribus</span> <span class='ocrx_word' id='word_1_63' title='bbox 977 1137 1073 1202; x_wconf 91' lang='lat' dir='ltr'>quam</span> <span class='ocrx_word' id='word_1_64' title='bbox 1094 1113 1196 1180; x_wconf 88' lang='lat' dir='ltr'>oculis</span> <span class='ocrx_word' id='word_1_65' title='bbox 1217 1114 1299 1180; x_wconf 88' lang='lat' dir='ltr'>iudi·</span> 
     </span>
     <span class='ocr_line' id='line_1_8' title="bbox 87 1212 1386 1284; baseline 0 -1"><span class='ocrx_word' id='word_1_66' title='bbox 87 1220 194 1284; x_wconf 90' lang='lat' dir='ltr'>catur.</span> <span class='ocrx_word' id='word_1_67' title='bbox 223 1217 307 1284; x_wconf 85' lang='lat' dir='ltr'>vale.</span> <span class='ocrx_word' id='word_1_68' title='bbox 348 1212 353 1222; x_wconf 79' lang='grc'><strong>’</strong></span> <span class='ocrx_word' id='word_1_69' title='bbox 604 1217 607 1223; x_wconf 84' lang='grc'><strong>’</strong></span> <span class='ocrx_word' id='word_1_70' title='bbox 679 1242 682 1248; x_wconf 95' lang='grc'><strong><em>·</em></strong></span> <span class='ocrx_word' id='word_1_71' title='bbox 1159 1216 1163 1222; x_wconf 70' lang='grc'><em>’</em></span> <span class='ocrx_word' id='word_1_72' title='bbox 1384 1242 1386 1246; x_wconf 72' lang='grc'><strong>’</strong></span> 
     </span>
    </p>
   </div>
   <div class='ocr_carea' id='block_1_3' title="bbox 38 1386 1028 1567">
    <p class='ocr_par' dir='ltr' id='par_1_5' title="bbox 38 1386 1028 1567">
     <span class='ocr_line' id='line_1_9' title="bbox 248 1386 748 1461; baseline -0.01 0"><span class='ocrx_word' id='word_1_73' title='bbox 248 1455 251 1461; x_wconf 81' lang='grc'>,</span> <span class='ocrx_word' id='word_1_74' title='bbox 640 1386 748 1456; x_wconf 86' lang='grc' dir='ltr'><strong>ΧΧΠ.</strong></span> 
     </span>
     <span class='ocr_line' id='line_1_10' title="bbox 38 1469 1028 1567; baseline 0.002 -6"><span class='ocrx_word' id='word_1_75' title='bbox 38 1469 72 1561; x_wconf 70' lang='lat' dir='ltr'>ri</span> <span class='ocrx_word' id='word_1_76' title='bbox 173 1535 176 1540; x_wconf 94' lang='lat'>-</span> <span class='ocrx_word' id='word_1_77' title='bbox 355 1511 387 1566; x_wconf 89' lang='lat' dir='ltr'>c.</span> <span class='ocrx_word' id='word_1_78' title='bbox 406 1511 557 1565; x_wconf 75' lang='lat' dir='ltr'>enimus</span> <span class='ocrx_word' id='word_1_79' title='bbox 576 1511 727 1567; x_wconf 77' lang='lat' dir='ltr'>ciumro</span> <span class='ocrx_word' id='word_1_80' title='bbox 746 1511 890 1566; x_wconf 75' lang='lat' dir='ltr'>savaro</span> <span class='ocrx_word' id='word_1_81' title='bbox 910 1511 982 1566; x_wconf 85' lang='lat' dir='ltr'>suo</span> <span class='ocrx_word' id='word_1_82' title='bbox 1000 1513 1028 1566; x_wconf 89' lang='lat' dir='ltr'>s.</span> 
     </span>
    </p>
   </div>
   <div class='ocr_carea' id='block_1_4' title="bbox 40 1629 1414 3055">
    <p class='ocr_par' dir='ltr' id='par_1_6' title="bbox 40 1629 1414 3055">
     <span class='ocr_line' id='line_1_11' title="bbox 174 1629 1326 1718; baseline 0.003 -21"><span class='ocrx_word' id='word_1_83' title='bbox 174 1629 241 1712; x_wconf 88' lang='lat' dir='ltr'>Diu</span> <span class='ocrx_word' id='word_1_84' title='bbox 261 1632 329 1697; x_wconf 90' lang='lat' dir='ltr'>iam</span> <span class='ocrx_word' id='word_1_85' title='bbox 349 1630 386 1696; x_wconf 90' lang='lat' dir='ltr'>iu</span> <span class='ocrx_word' id='word_1_86' title='bbox 407 1630 488 1696; x_wconf 89' lang='lat' dir='ltr'>urbe</span> <span class='ocrx_word' id='word_1_87' title='bbox 508 1629 642 1715; x_wconf 81' lang='lat' dir='ltr'>haereo,</span> <span class='ocrx_word' id='word_1_88' title='bbox 665 1634 698 1696; x_wconf 88' lang='lat' dir='ltr'>et</span> <span class='ocrx_word' id='word_1_89' title='bbox 712 1629 842 1717; x_wconf 91' lang='lat' dir='ltr'>quidem</span> <span class='ocrx_word' id='word_1_90' title='bbox 856 1630 1024 1697; x_wconf 84' lang='lat' dir='ltr'>attonitus.</span> <span class='ocrx_word' id='word_1_91' title='bbox 1055 1633 1227 1718; x_wconf 84' lang='lat' dir='ltr'>perturbat</span> <span class='ocrx_word' id='word_1_92' title='bbox 1246 1639 1326 1702; x_wconf 88' lang='lat' dir='ltr'>mel</span> 
     </span>
     <span class='ocr_line' id='line_1_12' title="bbox 52 1729 1299 1822; baseline -0.001 -21"><span class='ocrx_word' id='word_1_93' title='bbox 52 1768 56 1774; x_wconf 97' lang='lat'>·</span> <span class='ocrx_word' id='word_1_94' title='bbox 84 1736 191 1822; x_wconf 79' lang='lat' dir='ltr'>longa</span> <span class='ocrx_word' id='word_1_95' title='bbox 212 1738 246 1800; x_wconf 91' lang='lat' dir='ltr'>et</span> <span class='ocrx_word' id='word_1_96' title='bbox 265 1734 420 1821; x_wconf 82' lang='lat' dir='ltr'>pertinax</span> <span class='ocrx_word' id='word_1_97' title='bbox 432 1729 593 1799; x_wconf 77' lang='lat' dir='ltr'>&#39;valetudo</span> <span class='ocrx_word' id='word_1_98' title='bbox 614 1732 682 1799; x_wconf 86' lang='lat' dir='ltr'>Titi</span> <span class='ocrx_word' id='word_1_99' title='bbox 704 1734 885 1818; x_wconf 85' lang='lat' dir='ltr'>Aristonis,</span> <span class='ocrx_word' id='word_1_100' title='bbox 915 1756 1010 1819; x_wconf 91' lang='lat' dir='ltr'>quem</span> <span class='ocrx_word' id='word_1_101' title='bbox 1032 1733 1244 1822; x_wconf 70' lang='lat' dir='ltr'>singulariter</span> <span class='ocrx_word' id='word_1_102' title='bbox 1266 1738 1299 1800; x_wconf 93' lang='lat' dir='ltr'>et</span> 
     </span>
     <span class='ocr_line' id='line_1_13' title="bbox 84 1835 1297 1924; baseline -0.002 -20"><span class='ocrx_word' id='word_1_103' title='bbox 84 1837 191 1905; x_wconf 84' lang='lat' dir='ltr'>miror</span> <span class='ocrx_word' id='word_1_104' title='bbox 212 1839 246 1903; x_wconf 91' lang='lat' dir='ltr'>et</span> <span class='ocrx_word' id='word_1_105' title='bbox 266 1836 379 1924; x_wconf 82' lang='lat' dir='ltr'>diligo.</span> <span class='ocrx_word' id='word_1_106' title='bbox 415 1835 500 1901; x_wconf 89' lang='lat' dir='ltr'><strong>nihil</strong></span> <span class='ocrx_word' id='word_1_107' title='bbox 522 1839 573 1901; x_wconf 89' lang='lat' dir='ltr'>est</span> <span class='ocrx_word' id='word_1_108' title='bbox 601 1837 689 1902; x_wconf 90' lang='lat' dir='ltr'>enim</span> <span class='ocrx_word' id='word_1_109' title='bbox 710 1836 768 1903; x_wconf 90' lang='lat' dir='ltr'>illo</span> <span class='ocrx_word' id='word_1_110' title='bbox 790 1837 938 1922; x_wconf 85' lang='lat' dir='ltr'>gravius,</span> <span class='ocrx_word' id='word_1_111' title='bbox 968 1838 1130 1923; x_wconf 88' lang='lat' dir='ltr'>sanctius,</span> <span class='ocrx_word' id='word_1_112' title='bbox 1160 1836 1297 1922; x_wconf 91' lang='lat' dir='ltr'>doctius,</span> 
     </span>
     <span class='ocr_line' id='line_1_14' title="bbox 84 1937 1406 2026; baseline -0.001 -20"><span class='ocrx_word' id='word_1_113' title='bbox 84 1945 128 2006; x_wconf 87' lang='lat' dir='ltr'>ut</span> <span class='ocrx_word' id='word_1_114' title='bbox 147 1940 229 2008; x_wconf 87' lang='lat' dir='ltr'>mihi</span> <span class='ocrx_word' id='word_1_115' title='bbox 249 1962 318 2006; x_wconf 89' lang='lat' dir='ltr'>uon</span> <span class='ocrx_word' id='word_1_116' title='bbox 338 1949 424 2020; x_wconf 82' lang='lat' dir='ltr'>unus</span> <span class='ocrx_word' id='word_1_117' title='bbox 444 1937 558 2024; x_wconf 88' lang='lat' dir='ltr'>homo,</span> <span class='ocrx_word' id='word_1_118' title='bbox 582 1939 639 2004; x_wconf 90' lang='lat' dir='ltr'>sed</span> <span class='ocrx_word' id='word_1_119' title='bbox 660 1937 790 2004; x_wconf 84' lang='lat' dir='ltr'>litterae</span> <span class='ocrx_word' id='word_1_120' title='bbox 811 1939 901 2025; x_wconf 87' lang='lat' dir='ltr'>ipsae</span> <span class='ocrx_word' id='word_1_121' title='bbox 922 1961 1099 2026; x_wconf 88' lang='lat' dir='ltr'>omnesque</span> <span class='ocrx_word' id='word_1_122' title='bbox 1120 1941 1298 2007; x_wconf 84' lang='lat' dir='ltr'>bonaeur·</span> <span class='ocrx_word' id='word_1_123' title='bbox 1404 1952 1406 1957; x_wconf 83' lang='lat'>&#39;</span> 
     </span>
     <span class='ocr_line' id='line_1_15' title="bbox 40 2030 1414 2130; baseline 0.003 -24"><span class='ocrx_word' id='word_1_124' title='bbox 40 2047 140 2110; x_wconf 77' lang='lat' dir='ltr'>astes</span> <span class='ocrx_word' id='word_1_125' title='bbox 167 2030 204 2111; x_wconf 93' lang='lat' dir='ltr'>in</span> <span class='ocrx_word' id='word_1_126' title='bbox 230 2064 297 2109; x_wconf 89' lang='lat' dir='ltr'>uno</span> <span class='ocrx_word' id='word_1_127' title='bbox 324 2041 457 2108; x_wconf 90' lang='lat' dir='ltr'>homine</span> <span class='ocrx_word' id='word_1_128' title='bbox 483 2063 645 2107; x_wconf 91' lang='lat' dir='ltr'>summum</span> <span class='ocrx_word' id='word_1_129' title='bbox 671 2041 849 2128; x_wconf 86' lang='lat' dir='ltr'>periculum</span> <span class='ocrx_word' id='word_1_130' title='bbox 872 2043 961 2108; x_wconf 90' lang='lat' dir='ltr'>adire</span> <span class='ocrx_word' id='word_1_131' title='bbox 982 2043 1164 2110; x_wconf 83' lang='lat' dir='ltr'>videantur.</span> <span class='ocrx_word' id='word_1_132' title='bbox 1201 2045 1335 2130; x_wconf 64' lang='lat' dir='ltr'>quaml·</span> <span class='ocrx_word' id='word_1_133' title='bbox 1412 2041 1414 2045; x_wconf 69' lang='grc'>’</span> 
     </span>
     <span class='ocr_line' id='line_1_16' title="bbox 85 2131 1381 2234; baseline 0 -22"><span class='ocrx_word' id='word_1_134' title='bbox 85 2146 214 2233; x_wconf 87' lang='lat' dir='ltr'>peritus</span> <span class='ocrx_word' id='word_1_135' title='bbox 234 2145 290 2214; x_wconf 90' lang='lat' dir='ltr'>ille</span> <span class='ocrx_word' id='word_1_136' title='bbox 313 2151 347 2210; x_wconf 89' lang='lat' dir='ltr'>et</span> <span class='ocrx_word' id='word_1_137' title='bbox 368 2145 489 2231; x_wconf 89' lang='lat' dir='ltr'>privati</span> <span class='ocrx_word' id='word_1_138' title='bbox 509 2131 590 2210; x_wconf 83' lang='lat' dir='ltr'>iuris</span> <span class='ocrx_word' id='word_1_139' title='bbox 613 2148 647 2210; x_wconf 91' lang='lat' dir='ltr'>et</span> <span class='ocrx_word' id='word_1_140' title='bbox 660 2145 798 2231; x_wconf 83' lang='lat' dir='ltr'>publici!</span> <span class='ocrx_word' id='word_1_141' title='bbox 822 2150 980 2232; x_wconf 89' lang='lat' dir='ltr'>quantum</span> <span class='ocrx_word' id='word_1_142' title='bbox 994 2169 1117 2233; x_wconf 89' lang='lat' dir='ltr'>rerum,</span> <span class='ocrx_word' id='word_1_143' title='bbox 1140 2151 1297 2233; x_wconf 88' lang='lat' dir='ltr'>quantum</span> <span class='ocrx_word' id='word_1_144' title='bbox 1379 2229 1381 2234; x_wconf 14' lang='grc' dir='ltr'><strong><em>Α</em></strong></span> 
     </span>
     <span class='ocr_line' id='line_1_17' title="bbox 87 2248 1297 2336; baseline -0.001 -20"><span class='ocrx_word' id='word_1_145' title='bbox 87 2249 325 2336; x_wconf 83' lang='lat' dir='ltr'>exemplorum,</span> <span class='ocrx_word' id='word_1_146' title='bbox 349 2251 508 2335; x_wconf 85' lang='lat' dir='ltr'>quantum</span> <span class='ocrx_word' id='word_1_147' title='bbox 531 2248 737 2335; x_wconf 79' lang='lat' dir='ltr'>antiquitatis</span> <span class='ocrx_word' id='word_1_148' title='bbox 758 2251 865 2314; x_wconf 85' lang='lat' dir='ltr'>tenet!</span> <span class='ocrx_word' id='word_1_149' title='bbox 889 2249 973 2315; x_wconf 91' lang='lat' dir='ltr'>nihil</span> <span class='ocrx_word' id='word_1_150' title='bbox 995 2250 1151 2335; x_wconf 87' lang='lat' dir='ltr'>estquod</span> <span class='ocrx_word' id='word_1_151' title='bbox 1174 2250 1297 2330; x_wconf 77' lang='lat' dir='ltr'>discere</span> 
     </span>
     <span class='ocr_line' id='line_1_18' title="bbox 87 2351 1367 2442; baseline -0.002 -22"><span class='ocrx_word' id='word_1_152' title='bbox 87 2352 186 2438; x_wconf 84' lang='lat' dir='ltr'>velis,</span> <span class='ocrx_word' id='word_1_153' title='bbox 208 2351 294 2440; x_wconf 90' lang='lat' dir='ltr'>quod</span> <span class='ocrx_word' id='word_1_154' title='bbox 314 2351 371 2442; x_wconf 90' lang='lat' dir='ltr'>ille</span> <span class='ocrx_word' id='word_1_155' title='bbox 393 2351 507 2417; x_wconf 89' lang='lat' dir='ltr'>docere</span> <span class='ocrx_word' id='word_1_156' title='bbox 528 2372 596 2417; x_wconf 89' lang='lat' dir='ltr'>non</span> <span class='ocrx_word' id='word_1_157' title='bbox 618 2351 732 2436; x_wconf 87' lang='lat' dir='ltr'>possit.</span> <span class='ocrx_word' id='word_1_158' title='bbox 766 2351 848 2416; x_wconf 89' lang='lat' dir='ltr'>mihi</span> <span class='ocrx_word' id='word_1_159' title='bbox 870 2356 974 2437; x_wconf 80' lang='lat' dir='ltr'>certe,</span> <span class='ocrx_word' id='word_1_160' title='bbox 1003 2353 1153 2438; x_wconf 89' lang='lat' dir='ltr'>quotiens</span> <span class='ocrx_word' id='word_1_161' title='bbox 1176 2352 1297 2438; x_wconf 82' lang='lat' dir='ltr'>aliquid</span> <span class='ocrx_word' id='word_1_162' title='bbox 1363 2395 1367 2401; x_wconf 92' lang='lat'>-</span> 
     </span>
     <span class='ocr_line' id='line_1_19' title="bbox 87 2453 1330 2542; baseline 0.001 -20"><span class='ocrx_word' id='word_1_163' title='bbox 87 2456 236 2522; x_wconf 89' lang='lat' dir='ltr'>abditum</span> <span class='ocrx_word' id='word_1_164' title='bbox 257 2475 393 2542; x_wconf 81' lang='lat' dir='ltr'>quaero,</span> <span class='ocrx_word' id='word_1_165' title='bbox 416 2454 472 2520; x_wconf 91' lang='lat' dir='ltr'>ille</span> <span class='ocrx_word' id='word_1_166' title='bbox 487 2453 658 2519; x_wconf 85' lang='lat' dir='ltr'>thesaurus</span> <span class='ocrx_word' id='word_1_167' title='bbox 673 2456 733 2519; x_wconf 88' lang='lat' dir='ltr'>est.</span> <span class='ocrx_word' id='word_1_168' title='bbox 770 2455 837 2519; x_wconf 91' lang='lat' dir='ltr'>iam</span> <span class='ocrx_word' id='word_1_169' title='bbox 859 2458 982 2540; x_wconf 88' lang='lat' dir='ltr'>quauta</span> <span class='ocrx_word' id='word_1_170' title='bbox 1004 2456 1205 2521; x_wconf 90' lang='lat' dir='ltr'>sermonibus</span> <span class='ocrx_word' id='word_1_171' title='bbox 1228 2455 1330 2523; x_wconf 85' lang='lat' dir='ltr'>eius3</span> 
     </span>
     <span class='ocr_line' id='line_1_20' title="bbox 41 2552 1398 2644; baseline 0.004 -26"><span class='ocrx_word' id='word_1_172' title='bbox 41 2557 184 2644; x_wconf 71' lang='lat' dir='ltr'>rafidos,</span> <span class='ocrx_word' id='word_1_173' title='bbox 207 2552 330 2644; x_wconf 86' lang='lat' dir='ltr'>quanta</span> <span class='ocrx_word' id='word_1_174' title='bbox 351 2557 545 2640; x_wconf 87' lang='lat' dir='ltr'>auctoritas,</span> <span class='ocrx_word' id='word_1_175' title='bbox 569 2578 664 2642; x_wconf 85' lang='lat' dir='ltr'>quam</span> <span class='ocrx_word' id='word_1_176' title='bbox 686 2578 799 2643; x_wconf 90' lang='lat' dir='ltr'>pressa</span> <span class='ocrx_word' id='word_1_177' title='bbox 821 2560 855 2622; x_wconf 91' lang='lat' dir='ltr'>et</span> <span class='ocrx_word' id='word_1_178' title='bbox 877 2558 994 2623; x_wconf 89' lang='lat' dir='ltr'>decora</span> <span class='ocrx_word' id='word_1_179' title='bbox 1017 2558 1197 2624; x_wconf 83' lang='lat' dir='ltr'>cunctatio!</span> <span class='ocrx_word' id='word_1_180' title='bbox 1220 2557 1298 2644; x_wconf 94' lang='lat' dir='ltr'>quid</span> <span class='ocrx_word' id='word_1_181' title='bbox 1395 2603 1398 2610; x_wconf 85' lang='lat'><em>-</em></span> 
     </span>
     <span class='ocr_line' id='line_1_21' title="bbox 88 2658 1299 2747; baseline -0.002 -20"><span class='ocrx_word' id='word_1_182' title='bbox 88 2666 141 2728; x_wconf 88' lang='lat' dir='ltr'>est</span> <span class='ocrx_word' id='word_1_183' title='bbox 162 2660 247 2747; x_wconf 89' lang='lat' dir='ltr'>quod</span> <span class='ocrx_word' id='word_1_184' title='bbox 268 2682 336 2726; x_wconf 90' lang='lat' dir='ltr'>non</span> <span class='ocrx_word' id='word_1_185' title='bbox 350 2661 464 2726; x_wconf 84' lang='lat' dir='ltr'>statim</span> <span class='ocrx_word' id='word_1_186' title='bbox 477 2658 584 2725; x_wconf 79' lang='lat' dir='ltr'>sciat?</span> <span class='ocrx_word' id='word_1_187' title='bbox 607 2661 767 2724; x_wconf 90' lang='lat' dir='ltr'>ettamen</span> <span class='ocrx_word' id='word_1_188' title='bbox 781 2659 970 2746; x_wconf 91' lang='lat' dir='ltr'>plerumque</span> <span class='ocrx_word' id='word_1_189' title='bbox 985 2661 1144 2746; x_wconf 87' lang='lat' dir='ltr'>haesitat,</span> <span class='ocrx_word' id='word_1_190' title='bbox 1168 2661 1299 2726; x_wconf 85' lang='lat' dir='ltr'>dubitat</span> 
     </span>
     <span class='ocr_line' id='line_1_22' title="bbox 88 2762 1296 2850; baseline -0.002 -19"><span class='ocrx_word' id='word_1_191' title='bbox 88 2765 278 2831; x_wconf 81' lang='lat' dir='ltr'>diversitate</span> <span class='ocrx_word' id='word_1_192' title='bbox 305 2763 485 2848; x_wconf 90' lang='lat' dir='ltr'>rationum,</span> <span class='ocrx_word' id='word_1_193' title='bbox 521 2783 601 2848; x_wconf 88' lang='lat' dir='ltr'>quas</span> <span class='ocrx_word' id='word_1_194' title='bbox 629 2762 698 2826; x_wconf 87' lang='lat' dir='ltr'>acri</span> <span class='ocrx_word' id='word_1_195' title='bbox 735 2783 918 2848; x_wconf 85' lang='lat' dir='ltr'>magnoque</span> <span class='ocrx_word' id='word_1_196' title='bbox 952 2763 1071 2829; x_wconf 90' lang='lat' dir='ltr'>iudicio</span> <span class='ocrx_word' id='word_1_197' title='bbox 1100 2764 1141 2829; x_wconf 89' lang='lat' dir='ltr'>ab</span> <span class='ocrx_word' id='word_1_198' title='bbox 1169 2763 1296 2850; x_wconf 82' lang='lat' dir='ltr'>origiue</span> 
     </span>
     <span class='ocr_line' id='line_1_23' title="bbox 88 2865 1328 2953; baseline 0 -19"><span class='ocrx_word' id='word_1_199' title='bbox 88 2868 260 2953; x_wconf 76' lang='lat' dir='ltr'>causisque</span> <span class='ocrx_word' id='word_1_200' title='bbox 281 2867 394 2952; x_wconf 79' lang='lat' dir='ltr'>primia</span> <span class='ocrx_word' id='word_1_201' title='bbox 417 2866 552 2952; x_wconf 89' lang='lat' dir='ltr'>repetit,</span> <span class='ocrx_word' id='word_1_202' title='bbox 576 2865 747 2949; x_wconf 86' lang='lat' dir='ltr'>discernit,</span> <span class='ocrx_word' id='word_1_203' title='bbox 772 2867 936 2951; x_wconf 82' lang='lat' dir='ltr'>expendit.</span> <span class='ocrx_word' id='word_1_204' title='bbox 968 2866 1009 2931; x_wconf 88' lang='lat' dir='ltr'>ad</span> <span class='ocrx_word' id='word_1_205' title='bbox 1030 2866 1092 2932; x_wconf 92' lang='lat' dir='ltr'>hoc</span> <span class='ocrx_word' id='word_1_206' title='bbox 1107 2889 1203 2953; x_wconf 91' lang='lat' dir='ltr'>quam</span> <span class='ocrx_word' id='word_1_207' title='bbox 1224 2870 1328 2952; x_wconf 64' lang='grc' dir='ltr'><strong>ματ-4</strong></span> 
     </span>
     <span class='ocr_line' id='line_1_24' title="bbox 87 2967 1296 3055; baseline -0.003 -18"><span class='ocrx_word' id='word_1_208' title='bbox 87 2993 147 3038; x_wconf 86' lang='lat' dir='ltr'>cus</span> <span class='ocrx_word' id='word_1_209' title='bbox 167 2971 204 3037; x_wconf 90' lang='lat' dir='ltr'>in</span> <span class='ocrx_word' id='word_1_210' title='bbox 230 2970 335 3054; x_wconf 81' lang='lat' dir='ltr'>victu,</span> <span class='ocrx_word' id='word_1_211' title='bbox 364 2991 461 3055; x_wconf 89' lang='lat' dir='ltr'>quam</span> <span class='ocrx_word' id='word_1_212' title='bbox 489 2968 634 3035; x_wconf 89' lang='lat' dir='ltr'>modicus</span> <span class='ocrx_word' id='word_1_213' title='bbox 661 2969 697 3033; x_wconf 91' lang='lat' dir='ltr'>in</span> <span class='ocrx_word' id='word_1_214' title='bbox 726 2968 830 3034; x_wconf 84' lang='lat' dir='ltr'>cultu!</span> <span class='ocrx_word' id='word_1_215' title='bbox 866 2968 952 3034; x_wconf 90' lang='lat' dir='ltr'>soleo</span> <span class='ocrx_word' id='word_1_216' title='bbox 980 2969 1087 3055; x_wconf 82' lang='lat' dir='ltr'>ipsum</span> <span class='ocrx_word' id='word_1_217' title='bbox 1115 2967 1296 3035; x_wconf 87' lang='lat' dir='ltr'>cubiculum</span> 
     </span>
    </p>
   </div>
   <div class='ocr_carea' id='block_1_5' title="bbox 44 3070 1440 3160">
    <p class='ocr_par' dir='ltr' id='par_1_7' title="bbox 44 3070 1440 3160">
     <span class='ocr_line' id='line_1_25' title="bbox 44 3070 1440 3160; baseline -0.008 -18"><span class='ocrx_word' id='word_1_218' title='bbox 44 3089 76 3132; x_wconf 71' lang='lat'>²⁶</span> <span class='ocrx_word' id='word_1_219' title='bbox 88 3075 158 3141; x_wconf 90' lang='lat' dir='ltr'>eius</span> <span class='ocrx_word' id='word_1_220' title='bbox 179 3076 350 3160; x_wconf 88' lang='lat' dir='ltr'>ipsumque</span> <span class='ocrx_word' id='word_1_221' title='bbox 370 3072 492 3138; x_wconf 90' lang='lat' dir='ltr'>lectum</span> <span class='ocrx_word' id='word_1_222' title='bbox 510 3075 552 3144; x_wconf 16' lang='lat' dir='ltr'>,ut</span> <span class='ocrx_word' id='word_1_223' title='bbox 572 3070 751 3156; x_wconf 83' lang='lat' dir='ltr'>imaginem</span> <span class='ocrx_word' id='word_1_224' title='bbox 765 3071 929 3156; x_wconf 90' lang='lat' dir='ltr'>quandam</span> <span class='ocrx_word' id='word_1_225' title='bbox 950 3073 1076 3157; x_wconf 90' lang='lat' dir='ltr'>priscae</span> <span class='ocrx_word' id='word_1_226' title='bbox 1097 3071 1297 3158; x_wconf 84' lang='lat' dir='ltr'>frugalitatis</span> <span class='ocrx_word' id='word_1_227' title='bbox 1341 3089 1360 3096; x_wconf 87' lang='lat'>··</span> <span class='ocrx_word' id='word_1_228' title='bbox 1438 3087 1440 3091; x_wconf 55' lang='lat'><em>⁴</em></span> 
     </span>
    </p>
   </div>
   <div class='ocr_carea' id='block_1_6' title="bbox 45 3172 1335 3672">
    <p class='ocr_par' dir='ltr' id='par_1_8' title="bbox 45 3172 1335 3672">
     <span class='ocr_line' id='line_1_26' title="bbox 88 3172 1328 3265; baseline -0.002 -21"><span class='ocrx_word' id='word_1_229' title='bbox 88 3178 245 3264; x_wconf 87' lang='lat' dir='ltr'>aspicere.</span> <span class='ocrx_word' id='word_1_230' title='bbox 288 3179 386 3243; x_wconf 87' lang='lat' dir='ltr'>ornat</span> <span class='ocrx_word' id='word_1_231' title='bbox 411 3174 494 3241; x_wconf 89' lang='lat' dir='ltr'>haec</span> <span class='ocrx_word' id='word_1_232' title='bbox 513 3172 716 3261; x_wconf 14' lang='lat' dir='ltr'>magnitudo,</span> <span class='ocrx_word' id='word_1_233' title='bbox 735 3173 850 3258; x_wconf 82' lang='lat' dir='ltr'>animi,</span> <span class='ocrx_word' id='word_1_234' title='bbox 876 3174 961 3265; x_wconf 84' lang='lat' dir='ltr'>quae</span> <span class='ocrx_word' id='word_1_235' title='bbox 979 3173 1071 3239; x_wconf 86' lang='lat' dir='ltr'>¹nihil</span> <span class='ocrx_word' id='word_1_236' title='bbox 1093 3174 1135 3239; x_wconf 87' lang='lat' dir='ltr'>ad</span> <span class='ocrx_word' id='word_1_237' title='bbox 1156 3177 1328 3244; x_wconf 85' lang='lat' dir='ltr'>ostenta-5</span> 
     </span>
     <span class='ocr_line' id='line_1_27' title="bbox 86 3266 1297 3366; baseline -0.002 -19"><span class='ocrx_word' id='word_1_238' title='bbox 86 3281 229 3366; x_wconf 80' lang='lat' dir='ltr'>tionem,</span> <span class='ocrx_word' id='word_1_239' title='bbox 252 3281 362 3346; x_wconf 87' lang='lat' dir='ltr'>omnia</span> <span class='ocrx_word' id='word_1_240' title='bbox 383 3279 424 3344; x_wconf 89' lang='lat' dir='ltr'>ad</span> <span class='ocrx_word' id='word_1_241' title='bbox 446 3278 679 3346; x_wconf 87' lang='lat' dir='ltr'>conscientiam</span> <span class='ocrx_word' id='word_1_242' title='bbox 700 3276 802 3342; x_wconf 85' lang='lat' dir='ltr'>refert</span> <span class='ocrx_word' id='word_1_243' title='bbox 815 3266 967 3362; x_wconf 87' lang='lat' dir='ltr'>recteque</span> <span class='ocrx_word' id='word_1_244' title='bbox 988 3276 1069 3343; x_wconf 85' lang='lat' dir='ltr'>lacti</span> <span class='ocrx_word' id='word_1_245' title='bbox 1090 3298 1159 3344; x_wconf 90' lang='lat' dir='ltr'>non</span> <span class='ocrx_word' id='word_1_246' title='bbox 1181 3299 1221 3343; x_wconf 82' lang='lat' dir='ltr'>ex</span> <span class='ocrx_word' id='word_1_247' title='bbox 1242 3300 1297 3363; x_wconf 81' lang='lat' dir='ltr'>po</span> 
     </span>
     <span class='ocr_line' id='line_1_28' title="bbox 86 3380 1325 3471; baseline -0.001 -22"><span class='ocrx_word' id='word_1_248' title='bbox 86 3383 160 3471; x_wconf 86' lang='lat' dir='ltr'>puli</span> <span class='ocrx_word' id='word_1_249' title='bbox 181 3404 328 3449; x_wconf 86' lang='lat' dir='ltr'>sermone</span> <span class='ocrx_word' id='word_1_250' title='bbox 343 3382 535 3466; x_wconf 87' lang='lat' dir='ltr'>mercedem,</span> <span class='ocrx_word' id='word_1_251' title='bbox 558 3380 615 3446; x_wconf 89' lang='lat' dir='ltr'>sed</span> <span class='ocrx_word' id='word_1_252' title='bbox 637 3380 780 3446; x_wconf 81' lang='lat' dir='ltr'>exsecto</span> <span class='ocrx_word' id='word_1_253' title='bbox 795 3380 889 3466; x_wconf 90' lang='lat' dir='ltr'>petit.</span> <span class='ocrx_word' id='word_1_254' title='bbox 918 3381 955 3445; x_wconf 89' lang='lat' dir='ltr'>in</span> <span class='ocrx_word' id='word_1_255' title='bbox 970 3403 1096 3446; x_wconf 88' lang='lat' dir='ltr'>summa</span> <span class='ocrx_word' id='word_1_256' title='bbox 1110 3403 1178 3447; x_wconf 87' lang='lat' dir='ltr'>non</span> <span class='ocrx_word' id='word_1_257' title='bbox 1199 3380 1325 3449; x_wconf 78' lang='lat' dir='ltr'>laciled</span> 
     </span>
     <span class='ocr_line' id='line_1_29' title="bbox 87 3482 1335 3573; baseline -0.008 -21"><span class='ocrx_word' id='word_1_258' title='bbox 87 3507 286 3573; x_wconf 84' lang='lat' dir='ltr'>quemquam</span> <span class='ocrx_word' id='word_1_259' title='bbox 304 3506 343 3550; x_wconf 82' lang='lat' dir='ltr'>ax</span> <span class='ocrx_word' id='word_1_260' title='bbox 365 3485 438 3550; x_wconf 87' lang='lat' dir='ltr'>istis</span> <span class='ocrx_word' id='word_1_261' title='bbox 459 3484 519 3568; x_wconf 86' lang='lat' dir='ltr'>qui·</span> <span class='ocrx_word' id='word_1_262' title='bbox 537 3482 881 3572; x_wconf 81' lang='lat' dir='ltr'>sapientiaestudium</span> <span class='ocrx_word' id='word_1_263' title='bbox 903 3482 1020 3548; x_wconf 84' lang='lat' dir='ltr'>habitu</span> <span class='ocrx_word' id='word_1_264' title='bbox 1043 3484 1189 3569; x_wconf 80' lang='lat' dir='ltr'>corporis</span> <span class='ocrx_word' id='word_1_265' title='bbox 1205 3506 1297 3570; x_wconf 88' lang='lat' dir='ltr'>prae·</span> <span class='ocrx_word' id='word_1_266' title='bbox 1332 3537 1335 3542; x_wconf 90' lang='lat'>.</span> 
     </span>
     <span class='ocr_line' id='line_1_30' title="bbox 45 3585 1297 3672; baseline -0.004 -16"><span class='ocrx_word' id='word_1_267' title='bbox 45 3590 201 3656; x_wconf 71' lang='lat' dir='ltr'>asenna</span> <span class='ocrx_word' id='word_1_268' title='bbox 231 3587 308 3654; x_wconf 90' lang='lat' dir='ltr'>huic</span> <span class='ocrx_word' id='word_1_269' title='bbox 339 3588 410 3654; x_wconf 80' lang='lat' dir='ltr'>viro</span> <span class='ocrx_word' id='word_1_270' title='bbox 431 3585 645 3672; x_wconf 89' lang='lat' dir='ltr'>comparabis.</span> <span class='ocrx_word' id='word_1_271' title='bbox 690 3606 759 3650; x_wconf 87' lang='lat' dir='ltr'>non</span> <span class='ocrx_word' id='word_1_272' title='bbox 792 3585 921 3670; x_wconf 84' lang='lat' dir='ltr'>quidam</span> <span class='ocrx_word' id='word_1_273' title='bbox 949 3587 1121 3671; x_wconf 82' lang='lat' dir='ltr'>gymnasia</span> <span class='ocrx_word' id='word_1_274' title='bbox 1154 3589 1297 3652; x_wconf 86' lang='lat' dir='ltr'>sectatur</span> 
     </span>
    </p>
   </div>
   <div class='ocr_carea' id='block_1_7' title="bbox 21 3773 1297 4529">
    <p class='ocr_par' dir='ltr' id='par_1_9' title="bbox 21 3773 1297 4529">
     <span class='ocr_line' id='line_1_31' title="bbox 158 3773 1296 3844; baseline -0.005 -12"><span class='ocrx_word' id='word_1_275' title='bbox 158 3781 224 3833; x_wconf 80' lang='lat' dir='ltr'>xm</span> <span class='ocrx_word' id='word_1_276' title='bbox 240 3783 257 3832; x_wconf 75' lang='lat'>2</span> <span class='ocrx_word' id='word_1_277' title='bbox 275 3780 404 3833; x_wconf 85' lang='lat' dir='ltr'><strong>PLINIO</strong></span> <span class='ocrx_word' id='word_1_278' title='bbox 423 3796 472 3832; x_wconf 84' lang='lat' dir='ltr'>om.</span> <span class='ocrx_word' id='word_1_279' title='bbox 490 3778 612 3842; x_wconf 65' lang='grc' dir='ltr'>Ιῗῦς,</span> <span class='ocrx_word' id='word_1_280' title='bbox 631 3778 733 3830; x_wconf 66' lang='grc' dir='ltr'>ΜΗ</span> <span class='ocrx_word' id='word_1_281' title='bbox 755 3776 877 3828; x_wconf 82' lang='lat' dir='ltr'>Riccard.</span> <span class='ocrx_word' id='word_1_282' title='bbox 895 3792 954 3841; x_wconf 82' lang='lat' dir='ltr'>pra</span> <span class='ocrx_word' id='word_1_283' title='bbox 1023 3781 1039 3830; x_wconf 87' lang='lat'><strong>3</strong></span> <span class='ocrx_word' id='word_1_284' title='bbox 1058 3773 1219 3844; x_wconf 88' lang='lat' dir='ltr'>plurimum]</span> <span class='ocrx_word' id='word_1_285' title='bbox 1239 3777 1296 3843; x_wconf 85' lang='lat' dir='ltr'>pri·</span> 
     </span>
     <span class='ocr_line' id='line_1_32' title="bbox 87 3844 1297 3917; baseline -0.007 -13"><span class='ocrx_word' id='word_1_286' title='bbox 87 3867 163 3904; x_wconf 85' lang='lat' dir='ltr'>mum</span> <span class='ocrx_word' id='word_1_287' title='bbox 179 3852 203 3901; x_wconf 77' lang='lat' dir='ltr'><strong>V</strong></span> <span class='ocrx_word' id='word_1_288' title='bbox 271 3845 353 3917; x_wconf 75' lang='lat' dir='ltr'>dne]</span> <span class='ocrx_word' id='word_1_289' title='bbox 373 3865 426 3901; x_wconf 88' lang='lat' dir='ltr'>uec</span> <span class='ocrx_word' id='word_1_290' title='bbox 442 3863 460 3912; x_wconf 77' lang='lat' dir='ltr'>p</span> <span class='ocrx_word' id='word_1_291' title='bbox 477 3848 572 3899; x_wconf 79' lang='lat' dir='ltr'>nonD</span> <span class='ocrx_word' id='word_1_292' title='bbox 659 3847 892 3912; x_wconf 77' lang='lat' dir='ltr'>tquanquamv</span> <span class='ocrx_word' id='word_1_293' title='bbox 971 3844 1025 3916; x_wconf 85' lang='lat' dir='ltr'>est]</span> <span class='ocrx_word' id='word_1_294' title='bbox 1046 3848 1114 3898; x_wconf 65' lang='lat' dir='ltr'>etl)</span> <span class='ocrx_word' id='word_1_295' title='bbox 1191 3845 1297 3897; x_wconf 73' lang='lat' dir='ltr'>&#39;lindi-</span> 
     </span>
     <span class='ocr_line' id='line_1_33' title="bbox 21 3919 1295 4052; baseline -0.006 -11"><span class='ocrx_word' id='word_1_296' title='bbox 21 3982 26 3988; x_wconf 53' lang='lat'>&#39;</span> <span class='ocrx_word' id='word_1_297' title='bbox 87 3919 239 4052; x_wconf 47' lang='lat' dir='ltr'>cnturxgn</span> <span class='ocrx_word' id='word_1_298' title='bbox 263 3988 295 4039; x_wconf 88' lang='lat'>10</span> <span class='ocrx_word' id='word_1_299' title='bbox 318 3952 468 4037; x_wconf 72' lang='lat' dir='ltr'>emmo</span> <span class='ocrx_word' id='word_1_300' title='bbox 488 3982 674 4034; x_wconf 71' lang='lat' dir='ltr'>subustos</span> <span class='ocrx_word' id='word_1_301' title='bbox 700 3982 845 4034; x_wconf 74' lang='lat' dir='ltr'>Calaureae</span> <span class='ocrx_word' id='word_1_302' title='bbox 862 3982 1001 4041; x_wconf 55' lang='lat' dir='ltr'>aemilio</span> <span class='ocrx_word' id='word_1_303' title='bbox 1021 3983 1137 4035; x_wconf 86' lang='lat' dir='ltr'>Seuerio</span> <span class='ocrx_word' id='word_1_304' title='bbox 1155 3997 1172 4047; x_wconf 80' lang='lat' dir='ltr'>p</span> <span class='ocrx_word' id='word_1_305' title='bbox 1191 3982 1295 4033; x_wconf 84' lang='lat' dir='ltr'>Catilio</span> 
     </span>
     <span class='ocr_line' id='line_1_34' title="bbox 88 4047 1295 4117; baseline -0.007 -7"><span class='ocrx_word' id='word_1_306' title='bbox 88 4058 194 4110; x_wconf 84' lang='lat' dir='ltr'>Sereno</span> <span class='ocrx_word' id='word_1_307' title='bbox 211 4068 247 4112; x_wconf 69' lang='grc' dir='ltr'>ις</span> <span class='ocrx_word' id='word_1_308' title='bbox 265 4054 417 4106; x_wconf 65' lang='lat' dir='ltr'>canuno</span> <span class='ocrx_word' id='word_1_309' title='bbox 435 4054 518 4102; x_wconf 72' lang='grc' dir='ltr'>ΗΠ)</span> <span class='ocrx_word' id='word_1_310' title='bbox 588 4055 619 4102; x_wconf 91' lang='grc'>11</span> <span class='ocrx_word' id='word_1_311' title='bbox 639 4047 707 4117; x_wconf 87' lang='lat' dir='ltr'>ism]</span> <span class='ocrx_word' id='word_1_312' title='bbox 729 4053 825 4101; x_wconf 81' lang='lat' dir='ltr'>tamD</span> <span class='ocrx_word' id='word_1_313' title='bbox 896 4055 928 4102; x_wconf 80' lang='lat'>12</span> <span class='ocrx_word' id='word_1_314' title='bbox 946 4053 1069 4104; x_wconf 82' lang='lat' dir='ltr'>ualitudo</span> <span class='ocrx_word' id='word_1_315' title='bbox 1083 4054 1131 4102; x_wconf 70' lang='lat' dir='ltr'>Vl?</span> <span class='ocrx_word' id='word_1_316' title='bbox 1199 4053 1295 4117; x_wconf 79' lang='lat' dir='ltr'>singu·</span> 
     </span>
     <span class='ocr_line' id='line_1_35' title="bbox 87 4120 1296 4186; baseline -0.007 -8"><span class='ocrx_word' id='word_1_317' title='bbox 87 4125 328 4178; x_wconf 74' lang='lat' dir='ltr'>laritermirorll</span> <span class='ocrx_word' id='word_1_318' title='bbox 369 4150 397 4162; x_wconf 49' lang='grc' dir='ltr'>κ</span> <span class='ocrx_word' id='word_1_319' title='bbox 428 4124 460 4174; x_wconf 86' lang='grc'>13</span> <span class='ocrx_word' id='word_1_320' title='bbox 478 4121 549 4172; x_wconf 87' lang='lat' dir='ltr'>nihil</span> <span class='ocrx_word' id='word_1_321' title='bbox 568 4121 639 4171; x_wconf 89' lang='lat' dir='ltr'>enim</span> <span class='ocrx_word' id='word_1_322' title='bbox 660 4128 735 4170; x_wconf 84' lang='lat' dir='ltr'>estr</span> <span class='ocrx_word' id='word_1_323' title='bbox 833 4122 865 4170; x_wconf 88' lang='lat'>16</span> <span class='ocrx_word' id='word_1_324' title='bbox 883 4123 989 4186; x_wconf 83' lang='lat' dir='ltr'>peritus</span> <span class='ocrx_word' id='word_1_325' title='bbox 1006 4122 1057 4172; x_wconf 88' lang='lat' dir='ltr'>ille</span> <span class='ocrx_word' id='word_1_326' title='bbox 1076 4126 1105 4172; x_wconf 89' lang='lat' dir='ltr'>et</span> <span class='ocrx_word' id='word_1_327' title='bbox 1122 4120 1248 4186; x_wconf 81' lang='lat' dir='ltr'>priuatus</span> <span class='ocrx_word' id='word_1_328' title='bbox 1267 4126 1296 4170; x_wconf 89' lang='lat' dir='ltr'>et</span> 
     </span>
     <span class='ocr_line' id='line_1_36' title="bbox 87 4189 1295 4278; baseline -0.008 -31"><span class='ocrx_word' id='word_1_329' title='bbox 87 4195 231 4278; x_wconf 68' lang='lat' dir='ltr'>priuati?</span> <span class='ocrx_word' id='word_1_330' title='bbox 303 4195 334 4243; x_wconf 78' lang='lat'>17</span> <span class='ocrx_word' id='word_1_331' title='bbox 353 4191 461 4272; x_wconf 78' lang='lat' dir='ltr'>discere</span> <span class='ocrx_word' id='word_1_332' title='bbox 478 4191 624 4244; x_wconf 66' lang='lat' dir='ltr'>IVDrsa</span> <span class='ocrx_word' id='word_1_333' title='bbox 641 4189 736 4240; x_wconf 91' lang='lat' dir='ltr'>doceri</span> <span class='ocrx_word' id='word_1_334' title='bbox 752 4189 948 4268; x_wconf 46' lang='lat' dir='ltr'>{Riccurdp</span> <span class='ocrx_word' id='word_1_335' title='bbox 1025 4193 1056 4241; x_wconf 86' lang='grc'>19</span> <span class='ocrx_word' id='word_1_336' title='bbox 1075 4189 1295 4272; x_wconf 76' lang='lat' dir='ltr'>thasauratusn</span> 
     </span>
     <span class='ocr_line' id='line_1_37' title="bbox 89 4254 1295 4395; baseline -0.007 -11"><span class='ocrx_word' id='word_1_337' title='bbox 89 4332 126 4383; x_wconf 75' lang='lat' dir='ltr'>ad</span> <span class='ocrx_word' id='word_1_338' title='bbox 143 4259 311 4395; x_wconf 40' lang='lat' dir='ltr'>ppakqam</span> <span class='ocrx_word' id='word_1_339' title='bbox 329 4276 372 4380; x_wconf 59' lang='lat' dir='ltr'>qq</span> <span class='ocrx_word' id='word_1_340' title='bbox 391 4258 663 4393; x_wconf 64' lang='lat' dir='ltr'>quihfimiiiiiuiin</span> <span class='ocrx_word' id='word_1_341' title='bbox 681 4254 938 4377; x_wconf 56' lang='lat' dir='ltr'>cirltricdiri]lihtr</span> <span class='ocrx_word' id='word_1_342' title='bbox 966 4257 1295 4381; x_wconf 59' lang='lat' dir='ltr'>aoiiuiiieiiiuiiir</span> 
     </span>
     <span class='ocr_line' id='line_1_38' title="bbox 87 4394 1295 4464; baseline -0.007 -11"><span class='ocrx_word' id='word_1_343' title='bbox 87 4401 210 4452; x_wconf 74' lang='lat' dir='ltr'>Ricccrd.</span> <span class='ocrx_word' id='word_1_344' title='bbox 227 4415 298 4464; x_wconf 83' lang='lat' dir='ltr'>pra,</span> <span class='ocrx_word' id='word_1_345' title='bbox 318 4398 406 4452; x_wconf 69' lang='lat' dir='ltr'>omli</span> <span class='ocrx_word' id='word_1_346' title='bbox 477 4395 595 4459; x_wconf 83' lang='lat' dir='ltr'>electum</span> <span class='ocrx_word' id='word_1_347' title='bbox 612 4396 640 4444; x_wconf 78' lang='grc'>11</span> <span class='ocrx_word' id='word_1_348' title='bbox 708 4394 795 4460; x_wconf 88' lang='lat' dir='ltr'>prisci</span> <span class='ocrx_word' id='word_1_349' title='bbox 814 4395 1011 4455; x_wconf 68' lang='lat' dir='ltr'>fragilitatisr</span> <span class='ocrx_word' id='word_1_350' title='bbox 1096 4396 1130 4445; x_wconf 78' lang='lat'>26</span> <span class='ocrx_word' id='word_1_351' title='bbox 1148 4394 1295 4445; x_wconf 85' lang='lat' dir='ltr'>hostenta-</span> 
     </span>
     <span class='ocr_line' id='line_1_39' title="bbox 88 4464 1295 4529; baseline -0.007 -10"><span class='ocrx_word' id='word_1_352' title='bbox 88 4471 238 4522; x_wconf 66' lang='lat' dir='ltr'>tionem!</span> <span class='ocrx_word' id='word_1_353' title='bbox 306 4471 339 4520; x_wconf 75' lang='grc'>27</span> <span class='ocrx_word' id='word_1_354' title='bbox 358 4465 502 4518; x_wconf 67' lang='lat' dir='ltr'>referet!</span> <span class='ocrx_word' id='word_1_355' title='bbox 570 4466 603 4514; x_wconf 79' lang='lat'>28</span> <span class='ocrx_word' id='word_1_356' title='bbox 622 4465 651 4513; x_wconf 87' lang='lat' dir='ltr'>iu</span> <span class='ocrx_word' id='word_1_357' title='bbox 670 4478 803 4512; x_wconf 89' lang='lat' dir='ltr'>summam</span> <span class='ocrx_word' id='word_1_358' title='bbox 820 4464 877 4512; x_wconf 71' lang='lat' dir='ltr'>MV</span> <span class='ocrx_word' id='word_1_359' title='bbox 938 4468 972 4516; x_wconf 78' lang='lat'>29</span> <span class='ocrx_word' id='word_1_360' title='bbox 990 4479 1153 4529; x_wconf 85' lang='lat' dir='ltr'>quemquam</span> <span class='ocrx_word' id='word_1_361' title='bbox 1170 4464 1295 4518; x_wconf 64' lang='grc' dir='ltr'>Ηῗῦτς</span> 
     </span>
    </p>
   </div>
   <div class='ocr_carea' id='block_1_8' title="bbox 88 4531 1415 4604">
    <p class='ocr_par' dir='ltr' id='par_1_10' title="bbox 88 4531 1415 4604">
     <span class='ocr_line' id='line_1_40' title="bbox 88 4531 1415 4604; baseline -0.007 -15"><span class='ocrx_word' id='word_1_362' title='bbox 88 4540 152 4602; x_wconf 75' lang='lat' dir='ltr'>quic</span> <span class='ocrx_word' id='word_1_363' title='bbox 170 4554 333 4604; x_wconf 79' lang='lat' dir='ltr'>quemquam</span> <span class='ocrx_word' id='word_1_364' title='bbox 350 4536 415 4600; x_wconf 73' lang='lat' dir='ltr'>Fpa</span> <span class='ocrx_word' id='word_1_365' title='bbox 492 4535 527 4584; x_wconf 83' lang='grc'>30</span> <span class='ocrx_word' id='word_1_366' title='bbox 543 4534 604 4583; x_wconf 85' lang='lat' dir='ltr'>viro</span> <span class='ocrx_word' id='word_1_367' title='bbox 623 4545 730 4584; x_wconf 76' lang='lat' dir='ltr'>omr-</span> <span class='ocrx_word' id='word_1_368' title='bbox 782 4533 958 4599; x_wconf 85' lang='lat' dir='ltr'>comparabis</span> <span class='ocrx_word' id='word_1_369' title='bbox 976 4533 1102 4588; x_wconf 62' lang='lat' dir='ltr'>Ultra</span> <span class='ocrx_word' id='word_1_370' title='bbox 1121 4532 1295 4599; x_wconf 85' lang='lat' dir='ltr'>comparauit</span> <span class='ocrx_word' id='word_1_371' title='bbox 1366 4535 1370 4545; x_wconf 92' lang='lat'>&#39;</span> <span class='ocrx_word' id='word_1_372' title='bbox 1411 4531 1415 4539; x_wconf 91' lang='lat'>&#39;</span> 
     </span>
    </p>
   </div>
   <div class='ocr_carea' id='block_1_9' title="bbox 87 4603 698 4674">
    <p class='ocr_par' dir='ltr' id='par_1_11' title="bbox 87 4603 698 4674">
     <span class='ocr_line' id='line_1_41' title="bbox 87 4603 698 4674; baseline -0.01 -18"><span class='ocrx_word' id='word_1_373' title='bbox 87 4608 110 4656; x_wconf 73' lang='lat' dir='ltr'>r</span> <span class='ocrx_word' id='word_1_374' title='bbox 127 4608 251 4658; x_wconf 74' lang='lat' dir='ltr'>Riccrerd.</span> <span class='ocrx_word' id='word_1_375' title='bbox 269 4605 474 4674; x_wconf 77' lang='lat' dir='ltr'>comparabitp</span> <span class='ocrx_word' id='word_1_376' title='bbox 493 4603 664 4669; x_wconf 82' lang='lat' dir='ltr'>compararit</span> <span class='ocrx_word' id='word_1_377' title='bbox 680 4615 698 4650; x_wconf 79' lang='lat' dir='ltr'>a</span> 
     </span>
    </p>
   </div>
   <div class='ocr_carea' id='block_1_10' title="bbox 0 0 1481 4966">
    <p class='ocr_par' dir='ltr' id='par_1_12' title="bbox 0 0 1481 4966">
     <span class='ocr_line' id='line_1_42' title="bbox 0 0 1481 4966; baseline 0 0"><span class='ocrx_word' id='word_1_378' title='bbox 0 0 1481 4966; x_wconf 95' lang='lat' dir='ltr'> </span> 
     </span>
    </p>
   </div>
  </div>
 </body>
</html>
