2934 4966
477 363 481 369 .
559 321 804 373 raurernrcus
826 319 852 370 a.
872 319 898 370 a.
918 320 945 372 a
1211 358 1214 362 ι
1262 369 1265 377 ,
1292 309 1353 375 321

152 483 217 548 nisi
238 479 370 563 fecerit,
395 479 652 563 comprecamurl
683 478 724 544 ad
745 499 826 565 quas
847 477 902 543 ille
923 499 1017 544 voces
1039 466 1182 545 lacrimis
1204 480 1302 549 etiam
1319 466 1358 547 ac

152 585 254 651 multo
268 583 389 668 pudore
405 581 609 648 suffunditur.
641 582 792 669 agnoscit
806 582 893 647 enim
908 582 1071 668 sentitque
1086 582 1165 668 sibi,
1187 605 1255 650 non
1269 585 1358 672 prin-

111 741 114 750 .
153 688 218 773 cipi
240 684 315 751 dici.
352 685 455 772 igitur
476 686 561 772 quod
581 686 875 771 temperamentum
894 705 1006 750 omnes
1028 686 1064 751 in
1085 686 1142 751 illo
1164 687 1272 754 subito
1292 689 1388 775 pie-3

152 790 232 856 tatis
254 787 359 855 calore
381 810 561 873 servamus,
585 788 647 855 hoc
669 787 791 874 singuli
812 809 939 874 quoque
960 788 1170 876 meditatique
1191 794 1360 859 teneamus

127 892 355 986 seciamusque
376 880 502 957 nullum
529 913 599 958 esse
621 912 726 977 neque
755 889 912 957 sincerius
937 912 1043 977 neque
1065 885 1229 979 acceptius
1255 917 1360 980 genus

152 995 349 1082 gratiarum,
368 1017 476 1081 >quam
498 994 583 1081 quod
604 994 682 1073 illas¹
700 993 955 1061 adclamationes
977 995 1172 1080 aemuletur,
1197 1018 1279 1082 quae
1300 999 1359 1064 lin-

152 1097 252 1185 gendi
273 1120 342 1164 non
363 1096 487 1164 habent
508 1102 646 1184 tenipus.
687 1098 848 1183 quantum
868 1097 911 1162 ad
938 1120 989 1164 me
1012 1074 1176 1185 ¹pertin’et,
1206 1100 1360 1171 laborabo

151 1205 190 1266 ut
207 1201 400 1295 ,orationem
426 1223 533 1267 meam
549 1200 608 1291 ,ad
633 1195 825 1266 modestiam
858 1201 1016 1287 principis
1043 1201 1360 1289 moderationemque

152 1302 354 1368 summittarfi
377 1325 440 1370 nec
461 1294 569 1370 icilius
592 1294 814 1389 considerabo,
835 1303 912 1389 quid
935 1304 1028 1370 aures
1044 1305 1112 1370 eius
1135 1305 1205 1391 pati
1219 1305 1357 1392 poss'irlt,

114 1422 249 1492 tequam
277 1405 354 1492 quid
386 1407 561 1473 mrtutibus
590 1406 756 1472 debeatur.
795 1426 918 1492 magna
950 1410 984 1473 et
1015 1407 1174 1472 inusitata
1202 1408 1359 1496 principis

151 1509 273 1602 gloria,
305 1509 356 1606 cui
385 1510 509 1596 matins
540 1512 671 1576 acturus
693 1531 761 1575 non
788 1511 857 1573 tam
879 1531 991 1575 vereor
1015 1532 1057 1575 ne
1080 1533 1131 1576 me
1153 1511 1190 1577 in
1210 1497 1376 1579 laudibus

151 1613 218 1677 suis
239 1634 375 1698 parcum
396 1635 493 1700 quam
515 1634 557 1681 ne
579 1613 717 1678 nimium
738 1614 843 1698 putet.
877 1611 958 1678 haec
979 1635 1031 1678 me
1055 1635 1146 1696 cura,
1174 1613 1254 1681 haee
1276 1615 1359 1681 diffi-

152 1714 258 1781 cultas
285 1716 355 1781 sola
383 1715 588 1799 circumstat:
619 1737 698 1800 narn
725 1715 864 1790 merenti
885 1716 1016 1802 ¹gratias
1046 1738 1142 1803 agere
1170 1717 1268 1783 facile
1298 1722 1358 1805 est,

151 1821 262 1904 patres
285 1817 471 1904 conscripti.
502 1821 581 1884 non
602 1817 692 1885 enirn
711 1816 891 1903 periculum
918 1821 968 1883 est
994 1841 1054 1902 ne,
1084 1832 1156 1884 cum
1184 1820 1298 1906 loquar
1320 1823 1360 1888 de

113 1936 138 1977 ¹⁵
150 1919 372 2006 humanitate,
399 1922 588 2008 exprobrari
617 1921 680 1987 sibi
702 1920 887 2005 superbiam
910 1923 1035 2006 credat,
1066 1943 1139 1987 cunr
1161 1922 1200 1987 de
1222 1923 1359 2010 frugali·

151 2028 237 2110 tate,
260 2023 438 2111 luxuriam,
461 2047 535 2092 cunr
557 2024 597 2090 de
619 2021 806 2108 clementia,
829 2021 1069 2108 crudelitatem,
1095 2037 1168 2090 cum
1184 2025 1223 2090 de
1244 2026 1360 2093 libera-

127 2125 262 2214 litate,
285 2128 475 2212 avaritiam,
507 2150 581 2194 eum
603 2128 642 2193 de
664 2126 885 2212 benignitate,
915 2125 1066 2212 livorem,
1095 2149 1167 2193 oum
1195 2127 1235 2194 de
1258 2128 1357 2196 eontiss

150 2231 282 2317 nentia,
293 2299 295 2304 Α
306 2229 491 2315 libidinem,
516 2252 589 2297 eum
604 2231 652 2295 de,
665 2230 792 2313 labore,
815 2229 985 2313 inertiam,
1011 2251 1083 2294 cum
1098 2230 1138 2296 de
1152 2229 1357 2318 fortitudine,
1397 2267 1404 2283 <a

150 2335 310 2403 timorem.
335 2356 373 2400 ac
388 2356 430 2400 ne
452 2333 534 2399 illud
554 2333 684 2419 quidem
699 2353 820 2417 vereor,
835 2353 876 2397 ne
896 2334 1009 2417 gratus
1031 2333 1221 2418 ingratusne
1235 2335 1355 2420 videar,

112 2452 138 2493 ²⁰
151 2441 249 2525 prout
270 2437 350 2503 eatis
366 2441 424 2503 aut
438 2459 553 2523 parum
568 2435 690 2502 dixero.
725 2435 947 2500 animadverto
965 2436 1052 2500 enim
1068 2437 1166 2502 etiam
1181 2437 1257 2503 deos
1271 2439 1360 2524 ipsos

151 2564 220 2608 non
235 2544 310 2626 tam
325 2540 487 2606 accuratis
510 2539 716 2622 adorantium
730 2537 880 2624 precibus
902 2559 999 2623 quam
1021 2526 1210 2605 innocentia
1232 2544 1266 2607 et
1287 2562 1361 2606 san·

152 2636 266 2712 etitate
280 2642 412 2728 laetari,
437 2628 675 2729 gratioremque
691 2628 867 2705 existimari
890 2631 947 2726 qui
962 2632 1103 2706 delubris
1119 2632 1227 2707 coium
1244 2665 1358 2727 puram

153 2751 341 2833 castamque
362 2749 523 2829 mentem,
551 2767 648 2831 quam
671 2745 727 2830 qui
749 2743 941 2809 meditatum
964 2765 1093 2808 carmen
1117 2745 1280 2810 intulerit
1304 2745 1390 2810 sedl

151 2851 332 2938 parendum
355 2854 405 2915 est
427 2852 561 2915 senatus
584 2847 747 2932 consulto,
774 2869 837 2933 quo
860 2868 899 2911 ex
921 2845 1064 2912 utilitate
1086 2847 1216 2931 publiea
1238 2848 1361 2933 placuit

113 2957 189 3046 24⁵ut
210 2952 352 3021 consulis
374 2974 452 3018 voce
474 2952 534 3017 sub
555 2950 652 3016 titulo
674 2950 855 3037 gratiarum
876 2949 1076 3036 agendarum
1098 2950 1176 3016 boni
1196 2951 1360 3035 principes

152 3078 234 3144 quae
248 3056 398 3122 facerent
410 3057 698 3140 recognoscerent,
717 3053 794 3118 mali
810 3075 892 3139 quae
905 3052 1013 3117 faeere
1029 3051 1194 3118 deberent.
1225 3049 1360 3118 idssnunc

153 3182 190 3225 eo
212 3158 319 3250 magis
341 3158 497 3223 sollemne
519 3178 559 3223 ac
579 3156 798 3222 necessarium
820 3160 886 3239 est,
918 3154 1002 3240 quod
1024 3177 1143 3240 parens
1165 3159 1275 3220 noster
1296 3157 1360 3239 pri-

151 3265 245 3328 vatas
277 3262 459 3348 gratiarum
494 3260 637 3347 actiones
673 3257 803 3348 cohibet
833 3263 866 3324 et
895 3257 1095 3350 comprimit,
1126 3258 1360 3322 intercessurus

152 3367 252 3431 etiam
273 3363 427 3451 publicis,
456 3363 485 3428 si
511 3365 716 3448 permitteret
742 3361 805 3426 sibi
827 3364 937 3426 vetare
963 3358 1046 3444 quod
1070 3347 1201 3425 senatus
1223 3361 1358 3427 iuberet.
1399 3402 1400 3406 =

115 3460 341 3554 currumque,
367 3466 487 3533 Caesar
501 3466 667 3552 Anguste,
691 3465 872 3547 moderate,
897 3466 930 3528 et
944 3463 1028 3548 quod
1051 3462 1130 3527 alibi
1152 3462 1213 3537 tibi
1235 3463 1359 3548 gratias
1397 3472 1399 3476 ’
1444 3535 1447 3540 ,

153 3572 209 3658 agi
231 3592 299 3636 non
320 3570 401 3636 sinis
424 3574 457 3634 et
478 3570 563 3655 qued
585 3561 752 3634 hic'sinis.
792 3589 859 3632 non
882 3567 969 3631 enim
991 3569 1065 3659 ate
1087 3565 1150 3650 ipsi
1173 3564 1232 3629 tibi
1255 3565 1359 3630 honor

152 3780 359 3792 u——Q—

222 3933 341 3985 tmulto
360 3931 463 3999 pudore
481 3933 545 3981 Bed
563 3931 666 3998 pudore
685 3930 771 3980 multo
788 3929 820 3980 A.
842 3931 958 3993 fortasse
981 3929 1068 3979 multo
1086 3928 1198 3978 rubore:
1227 3927 1262 3988 rs.
1284 3942 1324 3989 ep.
1344 3924 1361 3974 Ι

152 4007 196 4066 14,
215 4007 231 4055 8
301 4004 443 4067 sentitque
463 4002 502 4051 bd
519 4001 646 4065 sentique
665 4016 735 4052 cerr.
753 4000 787 4049 el.
805 4016 871 4052 man.
892 4000 1029 4063 sentitque
1049 3997 1073 4060 β,
1092 4015 1140 4048 em.
1158 3994 1200 4045 Ac
1269 3996 1284 4042 4
1303 4009 1360 4044 ser·

152 4073 318 4127 uenimuss'
371 4085 481 4135 quoque
501 4085 571 4120 corr.
592 4069 729 4135 quiqueb
798 4067 996 4118 baemuletur
1014 4068 1185 4131 cuspinianus
1208 4063 1360 4113 emulemur

151 4140 243 4192 ssed
313 4138 383 4191 iad
401 4139 602 4192 meattinets
689 4140 718 4186 11
740 4136 1064 4202 gloriaorn.A,cdrl.a
1133 4138 1164 4184 13
1183 4133 1360 4182 circumstant

151 4211 174 4260 B
245 4212 278 4260 14
296 4213 391 4275 patres
410 4204 572 4272 conscripti]
592 4223 619 4272 p.
640 4223 662 4256 c.
681 4206 767 4255 laed
788 4205 819 4255 P.
841 4205 910 4254 Μ
979 4204 1204 4255 ‘menimento
1274 4199 1359 4248 eriam

152 4281 238 4330 om.d
307 4273 635 4340 recommemorent
720 4277 753 4324 24
771 4289 825 4338 quo
843 4274 867 4321 Δ
886 4273 922 4325 H.
942 4272 1088 4337 Stephanae
1106 4271 1152 4336 qui
1170 4285 1187 4319 a
1206 4266 1359 4332 quodlds

153 4347 201 4398 cui
219 4347 325 4412 quode
429 4347 462 4396 29
481 4345 675 4411 permitteret
694 4344 915 4410 pretermitteret
931 4355 945 4390 c
1027 4343 1060 4390 30
1079 4341 1129 4389 tibi
1149 4339 1256 4403 gratias
1275 4336 1360 4384 Bacd

152 4417 262 4481 gratias
280 4414 374 4465 tibiA
443 4418 473 4465 31
494 4413 539 4479 agi
557 4413 642 4463 abed
659 4427 742 4480 agere
760 4428 829 4462 corr.
849 4411 896 4475 agi
916 4409 930 4470 β
988 4425 1042 4458 nou
1063 4409 1134 4457 enirn
1153 4424 1169 4456 a
1186 4412 1216 4456 te
1236 4405 1288 4468 ipsi
1308 4404 1359 4452 tibi

149 4485 242 4536 *honor
258 4485 313 4536 iste
332 4483 382 4533 sed
400 4483 548 4548 agentibus
568 4482 685 4532 babetur
703 4482 864 4530 Srlumriue
883 4495 936 4528 non
956 4480 1027 4527 enirn
1049 4494 1065 4525 a
1085 4483 1111 4526 tc
1124 4477 1184 4541 ipso
1204 4475 1254 4523 tibi
1272 4474 1361 4521 bonor

151 4554 207 4605 iste
224 4553 274 4604 sed
294 4554 328 4603 ab
348 4552 395 4616 (ab
413 4557 440 4604 in
454 4556 506 4616 fine
525 4567 614 4602 ceruus
631 4568 678 4602 orn.
693 4552 719 4615 d)
740 4549 890 4616 egentibus
909 4544 1128 4597 habeturABcd
1146 4559 1200 4594 nou
1218 4543 1289 4592 enim
1308 4541 1359 4591 tibi

150 4623 242 4676 honor
259 4623 327 4686 iste,
346 4622 396 4673 sed
415 4639 432 4673 a
450 4629 478 4672 tc
497 4620 648 4688 agentibus
666 4620 786 4670 habetur
803 4618 829 4672 1.
848 4618 883 4667 A.
903 4615 1040 4667 Ernestius

163 4764 166 4768 Ι
206 4707 357 4748 ramam
370 4715 408 4748 m.
422 4707 491 4748 Rara
679 4717 680 4722 ¹
1137 4701 1179 4747 Ἃ
