2934 4966
473 306 477 316 '
584 332 831 385 enunciamus
853 329 878 380 u.
900 329 925 380 a.
989 368 994 374 .
1296 316 1361 384 323

155 491 288 559 reclusis
314 488 373 554 illa
394 488 539 575 quidem,
568 492 607 555 ut
632 493 712 555 tunc
734 489 973 573 arbitrabatur,
1003 489 1113 574 deum,
1138 493 1295 575 ceterum,
1324 492 1362 556 ut

155 587 265 660 docuit
279 595 430 679 eventus,
454 596 488 659 te
503 593 719 660 consalutavit
733 593 972 680 imperatorem.
1006 614 1067 659 nec
1082 593 1178 658 aliter
1193 615 1212 658 a
1235 593 1361 659 cunctis

155 719 250 763 omen
279 701 447 783 acceptum
475 700 536 762 cst.
580 719 657 762 nam
685 697 754 782 ipse
786 695 978 783 intellegere
1006 695 1156 762 nolebas:
1187 696 1360 762 recusabas
1450 726 1456 732 ·

154 801 243 866 enim
269 801 445 887 imperare,
476 799 665 883 recusabas,
697 800 782 885 quod
811 800 893 865 bene
922 801 994 864 erat
1019 799 1219 885 imperaturi.
1257 799 1361 887 igitur

127 903 318 990 ooogendus
339 903 442 970 fuisti.
478 903 550 989 cogi
572 923 669 988 porro
690 924 757 968 non
777 909 907 988 poteras
929 902 994 966 nisi
1015 901 1158 987 periculo
1179 902 1306 986 patriae
1328 907 1362 968 et

152 1008 324 1074 nutatione
352 1007 400 1073 rei
426 1005 586 1092 publicae.
619 1005 818 1071 obstinatum
836 1005 924 1071 enim
946 1004 1008 1070 tibi
1030 1025 1096 1070 non
1119 1005 1281 1091 suscipere
1302 1006 1362 1071 im·

151 1111 295 1196 perium,
317 1109 383 1176 nisi
403 1107 599 1175 servandum
619 1107 745 1174 fuisset.
780 1131 879 1195 quare
895 1130 956 1194 ego
977 1107 1070 1173 illum
1091 1107 1198 1193 ipsum
1218 1107 1362 1175 furorem

151 1218 341 1299 motumque
363 1208 562 1293 castrensem
583 1233 656 1292 reor
678 1211 854 1296 extitisse,
869 1212 945 1298 quia
973 1233 1096 1298 magna
1122 1212 1155 1277 vi
1177 1232 1361 1298 magnoque

151 1321 276 1383 terrore
290 1301 449 1382 modestia
468 1313 703 1394 ,tua'vincendle
721 1306 809 1400 erat3
833 1337 871 1380 ac
893 1315 978 1379 sicut
991 1308 1091 1380 miris
1114 1312 1258 1400 caelique
1280 1316 1361 1381 tem·

107 1440 137 1478 ιο
152 1420 275 1505 periem
297 1418 444 1485 turbines
471 1421 745 1505 tempestatesque
768 1415 1012 1501 commendant,
1042 1416 1089 1482 ita
1112 1417 1153 1481 ad
1176 1417 1360 1505 aagendam

152 1524 244 1608 pacis
258 1527 334 1588 tuae
349 1523 491 1607 gratiam
505 1522 597 1588 illum
611 1521 786 1587 tumultum
800 1521 1014 1607 praecessisse
1029 1520 1230 1586 crediderim.
1259 1521 1360 1588 habet

152 1625 212 1691 has
241 1627 327 1691 vices
356 1625 503 1692 condicio
531 1625 731 1708 mortalium,
761 1627 799 1689 ut
826 1623 961 1690 adversa
988 1646 1027 1688 ex
1054 1624 1217 1710 secundis,
1244 1647 1282 1690 ex
1306 1626 1361 1691 ad·

153 1728 254 1795 versis
276 1728 419 1795 secunda
439 1733 628 1797 nascantur.
667 1726 810 1794 occultat
831 1731 1039 1813 utrorumque
1062 1728 1187 1794 semina
1209 1728 1303 1814 deus,
1328 1731 1361 1794 et

152 1831 342 1919 plerumque
355 1831 514 1897 bonorum
528 1831 749 1923 malorumque
768 1852 884 1901 causae
905 1829 966 1895 sub
981 1829 1107 1895 diversa
1122 1831 1229 1916 specie
1243 1831 1358 1898 latent.

109 1953 138 1992 ra
152 1955 310 2020 magnum
337 1928 467 2021 quidem
494 1935 574 2001 illud
602 1933 730 2001 saeculo
764 1933 926 2018 dedecus,
950 1932 1108 2020 magnum
1136 1935 1184 2000 rei
1211 1935 1391 2020 publicaeti

151 2036 271 2103 vulnus
292 2037 484 2124 impressum
507 2041 573 2123 est,
603 2037 778 2123 imperator
800 2040 834 2102 et
854 2058 973 2122 parens
996 2037 1126 2123 generis
1147 2035 1283 2103 humani
1305 2038 1360 2104 ob-

152 2161 259 2207 sessus
288 2144 402 2225 captus
428 2140 587 2226 inclusus,
617 2140 729 2206 ablata
754 2140 926 2205 mitissimo
955 2141 1025 2205 seni
1053 2141 1284 2206 servandorum
1305 2139 1362 2206 ho·

151 2243 278 2308 minum
304 2246 447 2329 potestas
476 2247 685 2330 ereptumque
706 2243 848 2329 principi
875 2243 955 2308 illud
978 2244 1012 2308 in
1035 2243 1221 2329 principatu
1242 2244 1361 2310 beatis-

152 2345 287 2429 simum,
309 2346 394 2433 quod
416 2345 501 2412 nihil
524 2348 662 2432 cogitur.
698 2347 727 2411 si
748 2349 859 2412 tamen
882 2345 963 2411 haec
985 2344 1055 2411 sola
1077 2350 1147 2412 erat
1169 2347 1254 2412 ratio
1276 2369 1360 2434 quae

111 2467 139 2507 ao
152 2451 186 2513 te
207 2447 357 2533 publicae
379 2450 494 2515 salutis
516 2449 744 2536 gubernaculis
771 2449 970 2534 admoveret,
997 2471 1098 2534 prope
1121 2453 1171 2514 cst
1192 2453 1229 2515 ut
1256 2450 1361 2515 excla-

152 2573 238 2616 mem
259 2553 345 2618 tanti
365 2551 477 2618 fuisse.
514 2557 665 2639 corrupta
687 2555 737 2618 est
753 2552 931 2638 disciplina
954 2557 1149 2638 castrorum,
1174 2557 1211 2618 ut
1230 2556 1268 2618 tu
1291 2575 1359 2619 cor·

152 2657 260 2721 rector
274 2648 524 2741 emendatorque
545 2653 767 2742 contingeres,
791 2655 960 2720 inductum
973 2655 1147 2740 pessimum
1164 2657 1359 2742 exemplam,

118 2822 120 2827 .
152 2760 190 2821 ut
211 2757 369 2843 optimum
383 2761 614 2845 opponeretur3
636 2761 799 2844 postremo
816 2760 946 2823 coactus
966 2758 1118 2843 princeps
1132 2780 1211 2844 quos
1226 2758 1360 2824 nolebat

152 2860 314 2947 occidere,
339 2864 378 2925 ut
399 2860 491 2926 daret
511 2862 693 2948 principem
715 2860 770 2947 qui
800 2861 873 2947 cogi
894 2883 960 2926 non
983 2864 1101 2947 posset.
1133 2860 1210 2927 olim
1232 2865 1269 2927 tu
1291 2863 1360 2949 qui·

113 2980 140 3021 2⁵
153 2962 226 3029 dem
248 2963 395 3049 adoptari
417 2964 599 3050 merebare3
628 2965 683 3030 scd
711 2965 924 3030 nescissemus
953 2967 1110 3049 quantum
1137 2965 1197 3030 tibi
1228 2964 1382 3056 deberet

151 3067 340 3152 imperium,
369 3065 399 3131 si
421 3071 498 3133 ante
521 3068 693 3154 adoptatus
717 3090 812 3133 esses.
847 3069 1052 3152 expectatum
1075 3071 1124 3134 est
1146 3070 1273 3152 tempus
1296 3090 1359 3155 quo

152 3168 290 3256 liqueret
311 3191 378 3234 non
400 3171 468 3234 tam
484 3171 647 3256 accepisse
669 3173 702 3235 te
717 3170 910 3236 beneficium
926 3192 1022 3254 quam
1045 3169 1186 3236 dedisse:
1210 3171 1361 3259 confugit

151 3273 187 3337 in
211 3272 317 3338 sinum
338 3275 430 3336 tuum
454 3295 609 3339 concussa
631 3273 846 3358 respublica,
870 3295 966 3336 ruens
990 3273 1160 3357 imperium
1183 3296 1280 3359 super
1300 3276 1384 3341 im··

150 3378 332 3462 perstarem
368 3375 573 3461 imperatoris
608 3377 670 3442 tibi
697 3398 775 3441 voce
804 3376 946 3441 delatum
974 3379 1030 3440 est
1062 3377 1255 3462 imploratus
1285 3378 1359 3444 ado-

113 3479 263 3564 ruptione
285 3480 320 3543 et
340 3479 463 3544 accitus
483 3495 529 3565 es,
545 3486 583 3545 ut
604 3480 682 3545 olim
697 3479 793 3545 duces
815 3478 927 3563 magni
951 3500 971 3542 a
991 3479 1173 3565 peregrinis
1202 3468 1358 3548 externis-

150 3603 213 3667 que
236 3580 329 3646 bellis
353 3582 394 3647 ad
408 3605 503 3669 opem
519 3583 646 3669 patriae
666 3576 835 3647 ferendam
858 3581 1003 3646 revocari
1019 3581 1177 3648 solebant.
1210 3583 1258 3648 ita
1272 3584 1358 3649 filius

150 3705 189 3748 ac
210 3705 329 3768 parens
350 3707 416 3751 uno
438 3686 612 3772 eodemque
633 3688 798 3750 momento
819 3706 887 3749 rem
910 3684 1084 3755 maximam
1105 3684 1243 3750 invicem
1266 3708 1358 3771 prae·

152 3893 354 3905 -——·—...—

219 4027 314 4095 lilla]
335 4032 392 4082 iam
409 4032 453 4086 Βς
523 4037 630 4082 uttam
648 4030 840 4081 arbitrabatur
857 4035 888 4081 ut
905 4031 1018 4082 deumc
1096 4030 1275 4083 areconaul
1295 4047 1360 4080 con·

146 4096 326 4148 salutauitA
396 4102 592 4164 imperatorem
610 4101 696 4149 Βιοᾱ
714 4098 895 4166 imperatorA
946 4100 1136 4150 3uolebasB
1205 4101 1359 4165 dirupera-

148 4168 206 4218 turi
222 4167 265 4216 nd
283 4168 444 4234 imperatori
463 4170 673 4236 simperatum
696 4181 732 4223 ος
835 4169 851 4217 d
874 4171 1021 4220 nutatione
1041 4168 1212 4234 crespinianus
1230 4176 1256 4218 et
1272 4170 1359 4219 codex

147 4236 259 4286 Liuineit
276 4238 432 4287 mutatione
450 4238 541 4287 aser
609 4241 674 4289 tat
692 4239 799 4292 sicuts
843 4290 845 4294 ,
881 4240 912 4286 12
932 4244 958 4306 et
977 4254 1010 4288 ex
1029 4238 1189 4287 aduersisb
1260 4238 1292 4286 13
1310 4253 1359 4286 na-

147 4309 264 4356 scantur
282 4303 318 4354 A²
337 4307 518 4370 Cuspinirrnnr,
537 4308 570 4357 P.
589 4307 676 4357 Faber
693 4314 808 4357 semestr.
822 4304 858 4354 ΙΙ
873 4322 901 4370 p.
913 4309 963 4356 201
982 4313 1137 4356 nascantur
1154 4320 1224 4357 corr.
1243 4319 1359 4355 noscan-

146 4374 499 4437 turbnoacanturbsscd
575 4380 694 4440 utraque
712 4378 736 4425 Δ
817 4375 848 4423 17
872 4375 1005 4425 oblataB
1077 4377 1108 4424 19
1128 4372 1199 4438 quod
1218 4372 1254 4421 ad
1272 4373 1359 4424 nichil

146 4454 162 4488 a
232 4449 294 4493 erat
311 4445 385 4494 ratio
402 4445 462 4493 bcd
478 4449 540 4492 crat
557 4445 646 4495 oratio
664 4445 708 4507 Δβ
779 4446 812 4494 ‘23
830 4449 1014 4508 opponeretur
1031 4445 1096 4493 Aad
1114 4443 1286 4505 imponerent
1302 4443 1323 4491 B

146 4522 217 4572 quos
235 4510 349 4562 uolebat
366 4527 380 4562 c
399 4527 469 4576 quos
486 4511 575 4563 nollet
594 4514 726 4563 Liuineius
786 4513 829 4561 ¹25
847 4508 1045 4576 nescissemus]
1065 4510 1159 4560 nescis
1178 4511 1284 4560 senium
1303 4512 1323 4561 B

144 4578 181 4626 ‘26
200 4581 308 4644 tempus
326 4581 355 4631 in
374 4596 428 4647 quo
445 4582 488 4637 Βς
557 4582 591 4633 28
609 4597 692 4633 ruens
709 4581 773 4631 Διά
792 4596 930 4646 ruensque
948 4581 992 4637 Βς
1079 4582 1112 4630 29
1134 4577 1189 4629 tibi
1207 4595 1255 4630 orn.
1274 4593 1298 4646 c,
1316 4596 1358 4629 ru·

145 4649 321 4712 perscriptum
338 4651 448 4702 tebeth
534 4653 568 4703 ³2
586 4666 640 4702 uno
658 4667 706 4708 om.
725 4665 739 4701 c

1168 4727 1228 4780 W
