2934 4966
150 273 194 340 58
677 286 708 336 c.
731 266 829 335 sarar

122 442 238 510 tunde
259 441 379 509 accidit
399 450 437 508 nt
457 440 484 508 ii
504 441 559 529 qui
581 441 731 509 sedentes
753 443 859 528 agunt
865 491 875 525 ,
898 439 1044 527 quamvis
1066 439 1133 507 illis
1152 438 1370 509 maxima-ex

152 549 246 632 parts
260 544 426 632 supersint
440 545 553 611 eedem
567 545 626 611 illa
640 566 723 632 quas
737 543 919 629 stantibus,
941 547 1053 611 tamen
1067 544 1131 613 heo
1144 542 1231 630 quod
1245 543 1370 609 sedent
1400 582 1403 589 .

122 648 245 736 ‹tquasi
272 647 484 715 debilitentur
504 651 539 714 et
571 648 804 735 deprimantur.
843 646 1053 713 recitantium
1078 667 1156 713 vern
1182 644 1368 732 praecipua

94 748 96 753 ’
151 751 427 838 pronuntiationis
460 751 664 835 adiumenta,
703 750 799 817 oculi·
819 770 952 835 manus,
991 748 1257 837 praepediuntur.
1298 767 1366 834 qao

151 854 259 940 minus
281 855 398 920 mirum
420 859 485 939 est,
507 854 536 920 si
557 854 740 921 auditorum
761 853 903 922 intentio
923 851 1161 940 relanguescit,
1183 848 1286 917 nullis
1310 871 1384 933 ειμι

94 1041 95 1044 ¹
122 953 144 1022 5
159 956 320 1024 trinsecus
335 960 392 1023 aut
405 956 638 1023 blandimentis
653 960 751 1042 capta
764 960 823 1023 aut
836 955 955 1023 aculeis
970 954 1124 1023 excitata.
1168 949 1302 1035 accedit·
1311 953 1365 1019 his
1405 1013 1407 1019 .

68 1120 71 1125 ,
157 1058 242 1148 qnod
253 1059 358 1150 oratio
369 1060 408 1126 de
419 1080 483 1146 qua
493 1059 606 1145 loquor
620 1080 754 1147 pugnax
770 1061 805 1125 et
818 1057 1023 1129 contentiosa
1032 1061 1094 1125 est.
1123 1076 1221 1143 porro
1234 1054 1285 1123 ita
1306 1077 1365 1123 na·

25 1149 29 1156 ¹
156 1165 231 1229 tura
242 1165 464 1249 comparatum
479 1165 541 1246 est,
556 1165 594 1228 ut
607 1183 647 1228 ea
661 1182 743 1248 quae
758 1160 946 1247 scripsimus
960 1182 1036 1229 cum
1049 1160 1161 1227 labore
1171 1158 1273 1225 etam
1289 1180 1366 1249 cnsp

95 1260 100 1269 ’
122 1265 265 1333 (ilabore
277 1265 382 1331 audiri
403 1267 563 1352 putemus.
593 1268 628 1330 et
641 1285 721 1330 sane
736 1268 853 1350 quotus
866 1264 1002 1353 quisque
1015 1266 1086 1331 tum
1098 1266 1208 1331 recture
1222 1260 1366 1347 auditor,

155 1390 250 1454 quern
263 1389 332 1434 non
346 1367 455 1454 potius
470 1366 578 1433 dulcia
599 1366 680 1433 haec
702 1369 736 1432 ct
758 1367 911 1435 sonantia
925 1388 1024 1454 quarn
1038 1367 1168 1432 ausura
1193 1367 1229 1433 'et
1248 1384 1366 1452 pressa
1379 1386 1404 1427 a

17 1455 19 1458 ’
124 1488 129 1495 ’
156 1469 342 1538 delectent?
370 1471 422 1535 est
442 1469 572 1556 quidem
593 1470 728 1539 omnino
748 1472 854 1556 turpis
874 1470 941 1539 ista
963 1468 1141 1553 diacorffla,
1164 1472 1215 1549 rat
1235 1473 1366 1555 nmen,

53 1634 55 1638 .
153 1573 230 1660 quia
249 1572 438 1660 plerumque
460 1572 576 1639 evenit·
590 1576 629 1639 ut
650 1572 738 1639 aliud
760 1573 923 1659 auditores
948 1572 1038 1662 aliud
1063 1571 1188 1660 iudices
1210 1572 1368 1663 exigant,

157 1698 230 1743 oum
251 1674 373 1762 alioqui
394 1674 435 1740 iis
457 1675 629 1762 praecipue
651 1676 780 1743 auditor
801 1674 905 1744 adfici
918 1677 1053 1761 debeat,
1072 1674 1198 1762 quibus¹
1211 1672 1316 1759 idem,
1337 1672 1381 1741 ai.

129 1779 243 1853 ilorci
262 1777 374 1862 iudex,
397 1777 538 1843 maxime
558 1781 808 1863 permoveretur.
833 1782 963 1865 >potest
974 1782 1084 1845 tamen
1099 1776 1171 1845 lieri
1191 1778 1230 1842 ut
1250 1798 1370 1863 quarn·

154 1902 250 1968 quam
270 1882 307 1946 in
328 1879 380 1946 his
401 1878 650 1946 difficultatibus
659 1880 748 1946 ‘libro
769 1881 825 1947 isti
839 1881 967 1949 novitas
990 1881 1209 1964 lenocinetur,
1232 1880 1370 1947 norim
1384 1901 1407 1943 ιι

154 1983 241 2070 apud
261 1986 406 2050 nostros:
434 1982 519 2067 apud
541 1981 683 2049 Graecos
711 1983 797 2049 euim
825 1987 876 2049 est
897 1982 1056 2069 quiddam
1078 1982 1225 2069 quamvis
1247 1987 1302 2048 ex‘
1315 1980 1373 2049 di·

15 2081 23 2092 ’
127 2096 250 2163 8verso
270 2106 339 2153 non
352 2089 465 2152 tamen
479 2084 613 2151 omnino
635 2084 800 2152 dissimile.
830 2107 912 2151 nam.
928 2088 968 2151 ut
980 2084 1046 2151 illis
1061 2088 1134 2151 erat
1144 2084 1245 2151 moris
1258 2086 1373 2173 legas,-

155 2211 236 2276 quas
257 2191 294 2282 ιιιΙ
309 2187 489 2255 contrarias
503 2187 663 2274 prioribus
685 2186 812 2274 legibus
827 2187 1022 2275 arguebant,
1036 2186 1374 2259 aliarum-collatione
1392 2227 1395 2232 ·

155 2290 363 2372 convincere,
390 2291 438 2357 ita
458 2289 554 2356 nobis
580 2291 687 2357 inesse
707 2291 960 2375 repetundarum
982 2291 1058 2377 legi.
1077 2290 1162 2378 quod
1183 2290 1373 2379 postulare

154 2417 225 2461 mas
248 2415 321 2461 curn
342 2393 407 2460 hac
428 2392 501 2480 ipsa
513 2391 587 2478 lege
607 2394 679 2458 tum
700 2390 772 2458 aliis
794 2393 1012 2480 colligendum
1031 2392 1113 2476 fuit3
1134 2393 1219 2480 quod
1240 2416 1407 2482 usqua-a

155 2519 253 2585 quam
274 2496 429 2563 blandum
451 2495 582 2562 auribus
602 2495 817 2581 inperitorum
845 2498 940 2586 nnn
965 2496 1230 2582 maioremapnd
1250 2496 1393 2566 doctos.

54 2629 58 2634 ·
154 2600 275 2667 habere
301 2598 443 2686 gratiam
477 2596 590 2681 debet,
624 2601 746 2683 quanto
762 2599 937 2674 ⁴minorem
963 2597 1049 2685 apud
1075 2596 1225 2665 indoctos
1250 2596 1371 2667 habet.

126 2718 215 2783 9nos
238 2704 362 2787 autem,
384 2702 413 2767 si
433 2700 593 2786 placuerit
613 2700 768 2785 recitare,
792 2698 970 2766 adhibituri
985 2721 1095 2767 sumus
1110 2699 1373 2769 eruditissimum

156 2825 324 2893 quemque.
363 2803 420 2869 sed
446 2803 545 2889 plane
571 2802 678 2869 adhuc
705 2825 749 2868 an
775 2802 820 2868 sit
840 2793 1045 2869 recitandum
1071 2803 1223 2869 examina
1243 2805 1371 2889 tecum,

157 2908 332 2992 omnisque·
347 2928 426 2992 quos
447 2927 509 2992 ego
530 2905 616 2971 movi
637 2905 673 2971 in
695 2908 831 2991 utraque
853 2909 946 2991 parte
976 2892 1120 2972 calamos
1141 2909 1242 2991 poue,
1265 2904 1370 2993 idque
1382 2928 1407 2969 ss

65 3071 67 3075 .
159 3008 254 3095 elige,
276 3007 312 3073 in
334 3030 397 3094 quo
418 3008 534 3074 vicerit
554 3007 648 3073 ratio.
687 3031 713 3093 a
727 3011 760 3073 te
783 3007 870 3074 enim
892 3008 976 3074 ratio
998 3008 1158 3096 exigitur,
1187 3028 1247 3074 nos
1270 3028 1372 3076 exou-

156 3111 244 3176 sabit
263 3108 463 3196 obsequium.
501 3110 583 3176 vale.

224 3335 287 3385 lut
304 3333 432 3384 biiFut
448 3334 476 3384 hi
494 3350 533 3398 pa
601 3336 864 3402 quamuicoillisll
933 3337 1206 3389 bmirametsibiv
1273 3338 1368 3390 inten-

154 3399 195 3454 no
213 3399 401 3468 relanguescit
417 3404 466 3452 FB
483 3405 605 3455 Iticcard.
623 3419 659 3466 pr
676 3406 830 3458 intentione
850 3406 1007 3472 languescit
1023 3407 1080 3457 HV
1092 3406 1248 3471 Pomponius
1266 3407 1369 3458 Laetus

155 3484 173 3520 a
189 3470 308 3521 intentio
326 3469 481 3537 languescit
497 3472 645 3525 Beroaldus
729 3477 746 3526 t
769 3474 964 3541 plaudimentis
981 3476 1009 3523 K
1095 3474 1205 3526 aculeis
1221 3475 1370 3531 {viltas

154 3537 256 3588 eculeis
274 3551 291 3600 p
308 3538 397 3590 oculis
414 3541 436 3588 F
454 3540 573 3592 llice-ard.
660 3540 775 3594 accedit
791 3543 836 3594 bis
852 3544 935 3592 m
953 3543 997 3594 bis
1015 3543 1126 3595 accedit
1142 3544 1225 3606 ητα
1304 3545 1368 3594 ist

155 3606 329 3657 contentiosa
346 3609 410 3658 nra
427 3613 456 3659 et
473 3611 676 3676 contemptione
694 3613 715 3660 F
732 3618 760 3663 et
778 3613 859 3677 quasi
876 3615 1053 3663 contentiosa
1069 3608 1149 3670 Πς
1170 3617 1198 3662 et
1215 3611 1367 3662 intentiosa

154 3686 171 3735 ιι
238 3674 419 3727 8scribiruus
435 3677 459 3726 V
543 3694 605 3729 cum
623 3679 718 3730 labore
735 3681 822 3730 etiam
840 3694 902 3730 curn
918 3679 1016 3730 labore
1034 3680 1126 3732 audiri
1143 3682 1227 3744 apra
1243 3695 1304 3731 curn
1323 3678 1367 3729 la·

155 3741 220 3794 bore
237 3743 321 3794 ctiam
340 3744 392 3809 (sic
409 3747 471 3798 add.
489 3746 517 3811 ς)
536 3747 626 3797 audiri
643 3749 747 3803 ΜἩις
806 3752 838 3798 1·3
857 3750 923 3813 quia
939 3748 994 3797 HV
1012 3749 1061 3811 qni
1072 3752 1095 3798 D
1113 3765 1185 3816 quae
1203 3750 1226 3799 F
1242 3748 1366 3800 dictord.

154 3824 172 3860 a
189 3811 260 3878 quod
277 3827 312 3876 pr
380 3820 411 3864 ut
429 3813 507 3865 aliud
525 3815 667 3866 auditores
686 3815 762 3867 ulirrd
780 3816 888 3868 iudices
905 3818 1019 3881 exigant
1031 3818 1099 3881 Ilpa
1114 3825 1147 3870 ιιι
1164 3817 1241 3868 aliud
1258 3807 1368 3867 iudiiea

154 3880 267 3944 exigant
284 3880 360 3932 aliud
379 3882 517 3934 auditores
534 3895 570 3938 ις
587 3889 618 3935 ut
636 3883 712 3934 aliud
731 3886 836 3936 iudices
854 3887 968 3953 erigunt
985 3886 1069 3935 ΗΠ
1150 3889 1183 3939 13
1197 3884 1303 3949 alioqui
1321 3882 1367 3932 his

154 3947 230 4005 Ὴς
248 3947 353 4015 alioqui
369 3950 393 4000 is
411 3952 432 3999 D
450 3950 579 4016 alloquiis
597 3953 619 4001 r
636 3951 761 4017 alioquin
778 3969 814 4016 pr
835 3954 977 4021 alloquia
1061 3951 1185 4022 auditor]
1205 3951 1271 4004 audi
1288 3950 1312 3999 V
1338 3951 1366 3998 ia

152 4018 204 4077 'tac
220 4032 309 4069 sersus
378 4021 410 4068 14
428 4016 509 4086 foret]
530 4019 636 4082 fortcp
687 4028 882 4086 permaneatur
898 4038 913 4072 r
930 4029 1106 4089 permanetur
1123 4022 1278 4088 Pomponius
1295 4017 1365 4068 Lac·

155 4092 228 4134 tana
314 4088 346 4137 15
364 4087 393 4137 in
411 4089 498 4141 aaa]
597 4091 628 4140 16
646 4082 818 4148 ειιίιιι“οιη,ι·
903 4091 1136 4147 exaduersoVs
1221 4091 1255 4138 719
1273 4088 1366 4136 inem

155 4152 236 4200 Ul)
255 4153 375 4207 lliccard.
394 4158 590 4219 rsacssel'p
677 4156 741 4225 legi]
761 4159 894 4222 lugebit
980 4163 1089 4211 ιὶΟιιιιιι
1113 4159 1178 4210 aliis
1196 4157 1364 4210 russeum

156 4219 279 4270 ulislss
298 4239 358 4274 curu
377 4223 442 4274 aliis
460 4237 475 4286 p
493 4231 551 4275 turn
569 4226 598 4277 iu
617 4225 714 4277 aliisr
781 4233 815 4278 ‘tl
834 4230 1007 4280 exanimalt
1076 4222 1365 4292 usqu0s1quis1v

222 4290 286 4341 noui
305 4292 345 4342 Dr
412 4292 441 4343 id
458 4293 561 4358 eliger
629 4297 663 4345 26
682 4297 801 4346 atenim
819 4297 875 4345 Ἠ
895 4314 913 4346 a
931 4304 958 4348 te
976 4312 1075 4348 ueror
1126 4294 1199 4345 ratio
1216 4294 1407 4366 arcisterium¹

155 4354 210 4408 loco
227 4373 275 4410 ona
292 4374 308 4426 p
377 4362 498 4429 exigitur
515 4363 537 4411 D
555 4363 644 4432 exigit
661 4365 717 4414 HV
741 4366 869 4432 exigetur
883 4367 952 4434 ,lips
970 4367 1081 4434 erigere
1098 4379 1113 4413 r
1180 4361 1328 4415 excusauit
1344 4362 1367 4412 a
