2934 4966
337 1310 378 1411 e.
397 1293 562 1453 eum
579 1231 811 1412 'errem
842 1309 1081 1412 saeuum

355 1500 419 1585 ΑΙ)
448 1498 698 1585 ΤΒᾹΙΛΝΠΜ
722 1496 1061 1583 ῘΜΡΕΒΑΤΟΒΕΜ

274 1670 471 1756 TRAIANI
500 1668 819 1755 IMPERATORIS
845 1669 909 1753 AD
936 1668 1137 1754 PLINIUM

224 1861 1182 1977 EPISTULARUM

67 2067 85 2109 s
638 2050 773 2114 amum

625 2198 653 2266 Ι.
677 2208 714 2279 (a
733 2211 778 2280 98)

379 2324 411 2376 0.
429 2322 580 2376 PLINIUS
602 2322 767 2375 TRAIANO
785 2323 1016 2375 IMPERATORI

184 2441 256 2507 Tua
270 2441 398 2529 quidem
413 2441 534 2526 pietas,
549 2440 727 2531 imperator
741 2439 962 2525 sanctissime,
975 2443 1146 2526 optaverat
1159 2446 1197 2509 nt
1211 2465 1307 2529 quam
1319 2446 1335 2509 1

97 2545 282 2610 tardissime
304 2534 490 2609 succederes
513 2543 610 2628 patri.
639 2541 696 2608 sed
718 2542 752 2608 di
772 2540 971 2608 immortales
986 2544 1224 2611 festinaverunt
1244 2546 1308 2612 vir·

56 2659 85 2699 1⁰
98 2651 185 2712 tutes
195 2650 269 2713 tuas
282 2646 322 2711 ad
331 2645 552 2732 gubernacula
563 2645 609 2711 rei
622 2644 783 2730 publicae,
796 2667 894 2731 quam
909 2666 1108 2732 susceperas,
1124 2647 1306 2715 admovere.

97 2771 214 2837 precor
235 2770 312 2836 ergo
334 2750 372 2813 ut
392 2747 454 2814 tibi
477 2750 510 2814 et
523 2769 584 2835 per
604 2750 638 2812 te
660 2744 772 2834 generi
788 2746 931 2813 humano
953 2770 1108 2834 prospera
1129 2752 1250 2837 omnia,
1273 2752 1337 2818 ida

99 2856 149 2918 est
171 2852 272 2938 digna
292 2850 422 2916 saeculo
443 2854 517 2935 tuo,
541 2850 749 2936 contingunt.
778 2851 897 2916 fortem
919 2855 952 2918 te
975 2854 1009 2917 et
1030 2851 1182 2939 hilarem,
1205 2853 1305 2940 impe·
1442 2884 1443 2889 ¹

97 2958 189 3020 rator
208 2955 345 3039 optime,
372 2957 405 3019 et
426 2953 578 3039 privatim
600 2955 635 3017 et
655 2951 783 3037 publice
806 2957 894 3039 opto.
1270 2951 1272 2955 ’
1359 2954 1363 2960 ’

616 3123 659 3189 ΙΙ.
683 3135 720 3202 (a.
734 3136 779 3202 ee)

57 3250 83 3290 u
376 3247 409 3302 c.
427 3247 577 3301 annuus
597 3247 761 3300 raarauo
779 3248 1016 3302 rueuaaroru

180 3365 389 3451 Exprimere,
413 3366 552 3450 domine,
574 3364 681 3430 verbis
702 3386 771 3430 non
792 3388 923 3451 possum
943 3370 1102 3452 quantum
1123 3369 1204 3435 mihi
1226 3377 1331 3457 gau-1
1377 3419 1382 3428 ·

95 3468 190 3533 dium·
211 3467 375 3553 attuleris,
405 3469 496 3553 quod·
518 3490 569 3533 me
598 3467 741 3553 dignum
755 3469 885 3552 putasti
905 3471 975 3534 iure
996 3470 1095 3536 trium
1117 3471 1303 3539 liberorum.

94 3571 352 3657 quamvis.›enim
373 3570 436 3637 I'uli
452 3570 610 3653 Serviani,
634 3569 750 3655 optimi
771 3571 832 3636 viri
854 3571 965 3657 tuique
980 3573 1211 3660 amantissimi,
1233 3594 1305 3661 pre*

16 3696 20 3702 ·
95 3673 187 3738 cibus
208 3673 398 3760 indulseris,
421 3677 533 3740 tamen
548 3673 647 3738 etiam
662 3694 701 3737 ex
721 3675 878 3759 roeeripto
894 3675 1049 3762 intellego
1072 3677 1228 3743 libentius
1243 3677 1304 3744 hoc

53 3790 80 3831 ²0
94 3777 125 3842 ei
152 3780 186 3842 te
213 3777 431 3863 praestitisse,
465 3778 540 3864 quia
567 3796 627 3862 pro
654 3797 706 3841 me
733 3775 882 3863 rogabat.
913 3778 1023 3844 videor
1045 3801 1122 3866 ergo
1145 3784 1333 3848 summam?

93 3881 162 3945 voti
183 3881 248 3946 mei
272 3883 463 3946 consecutus
470 3931 479 3965 ,
504 3902 576 3945 cum
598 3878 685 3943 inter
705 3879 801 3943 initia
819 3871 1008 3946 ¹felicissimi
1030 3882 1233 3968 principatus
1254 3874 1304 3948 tui

92 3983 281 4069 probaveris
296 4006 349 4050 me
365 3983 405 4049 ecl
419 3984 617 4070 peculiarem
632 3981 871 4068 indulgentiam
895 3986 986 4048 tuum
1000 3984 1180 4069 pertinere3
1203 4006 1303 4070 eoque

92 4086 201 4173 magis
223 4086 341 4152 liberos
365 4088 574 4173 concupisco,
598 4107 677 4170 quos
692 4084 811 4150 habere
834 4085 933 4150 etiam
956 4085 1011 4151 illo
1026 4087 1212 4154 tristissimo
1234 4109 1303 4153 sae·

93 4189 167 4255 culo
188 4189 293 4278 volui,
316 4189 402 4255 sicut
422 4195 514 4277 potes
536 4189 659 4255 duobus
680 4188 895 4254 matrimoniis
917 4189 998 4254 meis
1021 4190 1160 4255 credere.
1191 4189 1246 4255 sed
1269 4190 1331 4258 di3

164 4402 177 4450 1
197 4400 229 4452 C.
247 4401 303 4455 PL.
323 4399 485 4452 suevum
504 4399 765 4451 EPISTOLARVM
789 4397 903 4450 LIBER
924 4397 1090 4451 DECIMVS
1108 4397 1158 4449 AD
1177 4398 1302 4452 TRAIA-

92 4466 174 4518 NVM
190 4469 266 4552 IMlff,
285 4467 477 4523 Gratulatoria
495 4469 530 4520 ob
548 4469 694 4535 imperium
710 4482 728 4518 a

162 4538 324 4658 i19Giiti⁸as
343 4608 404 4675 agit
421 4622 438 4657 a
508 4608 540 4660 18
558 4607 626 4660 Iulii
642 4621 661 4658 a
728 4609 766 4660 ‘24
788 4605 828 4659 uu
844 4621 865 4660 a
