2934 4966
173 235 238 303 368
701 251 731 303 c.
755 253 853 303 rann

172 406 275 473 facias
298 405 361 471 ista
382 428 524 493 semper,
552 429 614 475 nec
640 429 792 494 umquam
814 408 849 474 in
872 407 934 474 hoc
955 428 1051 494 opere
1073 409 1130 472 aut
1152 407 1288 474 animus
1311 411 1386 474 tuus

175 513 232 575 aut
252 509 385 575 fortuna
406 508 556 577 lassetur.
593 509 650 576 des
680 532 777 596 qaam
805 510 953 596 plurimis
973 511 1087 576 tertios
1115 510 1326 608 consulatus,
1354 518 1386 577 et

175 633 246 676 cum
274 610 422 696 plurimis
450 612 563 697 tertios
592 613 777 679 consulatus
805 612 947 698 dederis,
977 634 1104 698 semper
1130 614 1246 679 tainen
1275 612 1386 700 plures

122 714 289 800 62quibus
322 714 440 780 debeas
474 715 550 780 dare
583 715 757 801 supersint.
799 716 943 781 omnium
976 714 1105 800 quidem
1138 714 1385 801 beneficiorum,

174 838 256 902 quae
278 817 476 883 merentibus
498 818 702 902 tribuuntur,
725 839 791 884 nou
814 818 854 883 ad
877 819 965 904 ipsos
979 817 1134 904 gaudium
1154 818 1265 884 maius
1288 841 1409 905 quante

174 917 215 984 ed
238 918 358 985 similes
381 918 556 1004 redundat3
585 921 757 1006 praecipue
784 924 895 986 tamen
917 943 955 986 ex
978 919 1092 985 horum
1121 919 1299 986 consulatu
1320 944 1386 987 non

174 1020 215 1087 ad
236 1025 363 1108 partem
385 1021 527 1108 aliquam
549 1025 696 1107 senatus,
726 1022 782 1088 sed
809 1022 851 1088 ad
872 1027 976 1089 toturn
999 1025 1150 1089 senatum
1170 1025 1279 1107 unta,
1294 1022 1386 1089 laeti·

173 1124 221 1189 tia
242 1124 407 1210 pervenit,
437 1128 474 1189 ut
496 1124 633 1190 eundem
655 1124 811 1191 honorem
833 1146 944 1191 omnes
972 1125 1034 1191 sibi
1063 1130 1097 1191 et
1124 1125 1253 1191 dedisse
1278 1128 1313 1191 et
1335 1147 1384 1192 ac·

174 1227 298 1312 cepisse
321 1226 501 1293 videantur.
538 1248 656 1312 nempe
679 1227 766 1293 enim
788 1227 822 1293 hi
846 1231 927 1293 suut
948 1248 1027 1313 quos
1049 1230 1198 1314 senatus,
1227 1249 1306 1293 cum
1328 1250 1384 1314 pu·

146 1411 148 1415 y
173 1328 265 1394 blicis
288 1320 468 1415 sumptibus
490 1328 675 1395 minuendis
688 1330 845 1416 optimum
868 1351 1026 1415 quemque
1040 1330 1245 1416 praeficeret,
1269 1329 1381 1416 elegit,
1394 1353 1414 1393 a

173 1431 356 1517 etquidem
378 1431 509 1516 primos.
559 1428 620 1496 hoc
644 1436 694 1497 est
720 1432 837 1520 igitur,
871 1431 932 1498 hoc
959 1435 1008 1497 est
1035 1432 1120 1519 qudd
1144 1433 1281 1519 penitus
1307 1431 1382 1505 ‚illos

173 1533 282 1599 auimo
305 1532 451 1600 Caesaris
473 1534 662 1600 insinuavit.
693 1557 736 1600 an
757 1552 872 1621 parum
894 1556 991 1620 saepe
1006 1534 1138 1620 'experti
1161 1557 1275 1601 sumus
1297 1533 1381 1601 hanc

174 1659 244 1703 esse
266 1659 375 1702 rerum
398 1636 636 1722 condicionem,
660 1640 697 1702 ut
718 1642 852 1704 senatus
872 1638 967 1703 favor
1009 1637 1097 1724 apud
1117 1637 1306 1724 prinoipem
1327 1640 1381 1703 aut

171 1738 276 1826 prosit
302 1744 359 1804 aut
385 1737 526 1804 noceat?
559 1761 668 1805 nonne
690 1738 786 1826 paulo
808 1725 990 1807 ante'nihil
1016 1739 1121 1826 magis
1149 1739 1283 1806 exitiale
1297 1729 1300 1734 ¹
1313 1743 1380 1806 erat

172 1863 269 1929 quam
291 1841 349 1906 illa
369 1841 528 1928 principis
551 1842 725 1928 cogitatio,
756 1841 857 1910 ‘hunc
887 1846 1019 1909 senatus
1045 1841 1180 1930 probat,
1209 1842 1266 1909 hic
1288 1863 1408 1909 seua-u

172 1944 220 2009 tui
242 1966 337 2010 carus
359 1943 444 2010 est'?
471 1944 584 2010 oderat
597 1966 684 2031 quos
699 1966 759 2010 nos
774 1966 955 2011 amaremus
960 1996 970 2030 ,
994 1944 1105 2012 sedet
1126 1967 1187 2011 nos
1209 1967 1292 2032 quos
1314 1945 1377 2011 ille.

170 2067 260 2111 nuuc
287 2046 374 2111 inter
399 2045 581 2132 principem
608 2050 819 2134 senatumque
846 2047 1029 2134 dignissimi
1057 2047 1213 2134 cuiusque
1240 2048 1379 2114 caritate

173 2152 326 2214 certatur.
369 2149 626 2231 demonstramus
653 2149 813 2234 invicem,
847 2149 1006 2218 oredimus
1035 2149 1191 2234 invicem,
1230 2151 1378 2238 quodque

150 2317 152 2322 ,
171 2250 348 2316 maximum
370 2251 614 2317 amoris-mutui
636 2252 766 2339 signum
789 2255 854 2336 est,
885 2252 1012 2319 eosdem
1035 2274 1190 2319 amanum.
1229 2252 1376 2340 proinde,

171 2357 281 2440 patres
313 2354 504 2439 conscripti,
532 2353 641 2420 favete
667 2357 793 2440 aperte,
824 2353 950 2441 diligite
977 2358 1176 2421 constanter.
1220 2376 1292 2422 non
1315 2355 1407 2422 iams

171 2456 422 2523 dissimulandas
444 2460 494 2522 est
515 2478 620 2542 amor,
644 2479 685 2525 ne
708 2460 839 2541 noceat,
862 2478 930 2523 nou
951 2456 1163 2544 premendum
1184 2457 1316 2545 odium,
1337 2481 1377 2525 ue

170 2560 289 2645 prosit:
312 2560 422 2625 eadem
445 2559 565 2626 Caesar
590 2580 673 2645 quae
695 2562 826 2624 senatus
848 2559 967 2644 probat
985 2561 1221 2647 improbatque.
1250 2583 1312 2628 ros
1326 2560 1378 2627 ille

170 2665 374 2748 praesentes,
404 2683 460 2726 ros
482 2661 581 2728 etiam
608 2661 758 2748 absentes
779 2661 816 2727 in
838 2661 972 2727 oonsilio
994 2662 1104 2729 habet.
1141 2664 1240 2730 tertio
1265 2686 1376 2732 consu·

170 2764 218 2830 les
239 2764 319 2830 fecit
339 2786 419 2851 quos
441 2786 497 2830 vos
525 2763 711 2851 elegeratis,
742 2767 775 2830 et
803 2764 881 2830 fecit
905 2762 968 2831 hoc
995 2766 1124 2851 ordine,
1152 2788 1216 2851 quo
1238 2766 1377 2834 electis

170 2866 261 2933 robis
283 2871 387 2933 eraut.
425 2889 563 2954 magnus
577 2871 711 2954 uterque
732 2865 836 2932 honor
850 2869 972 2951 vester,
996 2869 1064 2934 sive
1086 2869 1215 2935 eosdem
1236 2870 1407 2936 marines

171 2969 293 3056 diligit,
316 2991 396 3056 quos
417 2971 480 3036 scit
501 2970 592 3035 vobis
615 2991 683 3035 esse
700 2969 897 3055 carissimos,
920 2970 988 3036 sive
1009 2971 1075 3038 illis
1097 2970 1265 3038 neminem
1287 2994 1376 3058 prae

170 3072 253 3157 tert,
288 3073 433 3160 quamvis
462 3071 601 3159 aliquem
630 3072 735 3159 magis
763 3076 859 3138 amet.
907 3075 1073 3158 proposita
1094 3075 1376 3141 sunt-senioribus

170 3176 329 3260 praemia,
352 3174 522 3240 iuvenibus
537 3175 699 3260 exempla:
722 3174 857 3259 adeant,
873 3174 1084 3260 frequentent
1097 3198 1226 3242 securas
1241 3177 1376 3243 tandem

79 3304 82 3310 ·
172 3299 210 3343 ac
231 3279 382 3363 patentes
404 3277 529 3342 domos:
554 3278 698 3363 quisquis
720 3277 873 3362 probatos
895 3281 1023 3345 senatui
1045 3280 1131 3345 viros
1151 3280 1303 3367 suspicit,
1325 3279 1376 3346 hio

170 3469 375 3480 ...-.----

239 3594 253 3642 1
273 3607 323 3642 nec
340 3604 461 3656 anquam
478 3589 545 3639 Abd
562 3604 596 3639 ne
615 3603 736 3653 unquam
755 3589 791 3652 βο
886 3595 935 3642 tua
954 3597 1003 3642 aut
1020 3591 1133 3643 fortuna
1149 3592 1174 3642 A
1192 3597 1243 3644 tua
1263 3594 1375 3647 tortum

170 3662 187 3710 d
255 3663 270 3711 2
289 3658 387 3711 tertios
404 3656 508 3708 A²Bael
525 3657 608 3709 tertio
625 3671 640 3706 a
658 3662 715 3707 tres
731 3657 756 3707 A
823 3664 851 3708 et
870 3674 932 3709 cum
949 3658 1075 3727 plurimis
1092 3661 1190 3712 tertios
1207 3663 1375 3714 consulatus

169 3748 217 3781 om.
236 3728 308 3792 aaa,
328 3728 429 3779 add!
480 3727 681 3777 sustentat
732 3724 867 3794 tmuius]
888 3728 1009 3794 magist
1060 3730 1126 3781 ser
1141 3733 1234 3794 priore
1252 3734 1311 3784 Ioco
1329 3749 1374 3784 on.

169 3800 200 3862 A,
219 3799 280 3848 add.
300 3797 355 3846 Δί
407 3800 439 3848 10
452 3795 607 3846 minuendis
618 3795 659 3844 sc
673 3795 828 3846 muniendis
846 3798 869 3844 A
886 3800 972 3847 adscr.
990 3800 1016 3848 iu
1034 3815 1113 3864 marp.
1133 3799 1152 3848 l’
1171 3800 1326 3852 innuendis
1342 3798 1375 3849 A'

171 3865 353 3918 inmuniendis
371 3867 388 3914 d
440 3865 570 3931 optimum
584 3879 665 3928 quem
683 3863 836 3928 praeficere
855 3867 1002 3916 statuisset
1020 3866 1105 3932 elegit
1123 3867 1253 3933 equidem
1274 3870 1374 3936 primos

169 3939 226 3989 cod.
247 3935 353 3986 Mediol.
423 3928 573 3999 quemque]
594 3932 712 3997 quemB
781 3933 998 3997 praeficeretAo
1016 3935 1165 4001 perficeret
1183 3937 1220 4000 βά
1240 3937 1372 4002 perficere

169 4006 186 4054 b
275 4006 305 4054 11
325 4003 482 4066 etquidem
501 4004 603 4052 codices
626 4001 747 4050 Vaticani
765 4003 832 4051 ms
855 4008 881 4052 et
901 4007 967 4053 1775
985 4010 1010 4054 et
1030 4005 1159 4055 Livineius
1177 4005 1310 4069 equidem
1328 4004 1373 4053 AB

170 4075 205 4123 ad
275 4073 306 4122 16
325 4085 392 4136 quos
412 4087 461 4120 nos
480 4085 636 4120 amaremus
654 4070 720 4124 Δᾱς
738 4085 807 4134 quos
825 4086 879 4121 non
898 4087 1054 4122 amaremus
1072 4072 1131 4122 Bae
1220 4076 1253 4125 17
1272 4074 1373 4139 princi·

171 4157 220 4209 pes
237 4141 281 4190 Ad
352 4141 382 4189 18
401 4139 606 4189 demonstratur
623 4155 692 4192 corr.
711 4138 966 4190 demonstramueb
1037 4143 1068 4191 19
1088 4141 1175 4191 mutui
1193 4144 1300 4192 amoris
1318 4142 1341 4190 A

168 4213 202 4262 20
222 4208 354 4260 foueteB
424 4210 455 4258 21
475 4216 518 4257 est
536 4222 617 4258 onr.e
687 4207 864 4272 promendum
882 4209 929 4258 Ad
984 4211 1017 4259 24
1035 4210 1150 4260 anobis
1168 4227 1240 4261 corr.
1259 4226 1277 4260 a
1295 4209 1371 4260 uobis

168 4279 185 4328 b
254 4281 287 4329 25
306 4292 422 4344 maguus
441 4282 555 4341 uterque
575 4276 661 4327 honor
679 4277 777 4338 (honor
794 4292 840 4326 om.
854 4277 908 4337 Βς)
922 4286 1017 4328 uester
1034 4278 1144 4334 ΔΒοᾱς
1163 4294 1283 4344 magnus
1301 4285 1371 4329 uter·

169 4361 222 4412 que
242 4347 330 4397 honor
351 4345 462 4397 uidetur
480 4360 496 4393 a
519 4360 646 4408 magnum
671 4350 817 4408 utrumque
835 4345 946 4396 uidetur
971 4347 1115 4398 Catanueua
1136 4362 1254 4411 magnus
1276 4349 1371 4412 utique

169 4414 255 4466 bonor
273 4420 368 4466 uester
386 4416 492 4480 Lipsius
561 4416 592 4462 ‘26
613 4414 751 4468 nobtsBs
837 4416 868 4464 ‘27
888 4416 1069 4480 prepositaB
1156 4412 1371 4483 ⁸28iuveuibus]

168 4482 322 4534 iunioribus
339 4498 353 4533 o
424 4486 602 4548 frequentent
619 4483 664 4532 Ad
682 4483 840 4548 frequentet
858 4498 872 4533 o
895 4486 1055 4550 frequenter
1071 4484 1113 4538 Βς
1199 4484 1235 4535 29
1255 4486 1372 4554 suspicit

159 4553 297 4606 libeberos
315 4554 436 4625 susscipit
452 4551 554 4619 ABod,
573 4555 640 4621 quod
658 4552 774 4618 defendit
792 4550 953 4605 Sedecarziar
970 4555 1029 4604 coll.
1048 4570 1090 4620 ep.
1114 4551 1156 4603 Vl
1174 4555 1199 4619 0,
1219 4555 1235 4602 9
