2934 4966
586 251 625 337 c.
639 286 740 337 carru
760 288 807 337 ur
828 286 976 339 rosum

591 528 741 596 uxum.
765 527 972 619 [ommi]

608 651 794 706 TRAIANUS
818 653 945 706 amulo

265 769 301 836 Si
320 768 402 835 mihi
423 773 555 857 senatus
577 769 762 838 consultum
775 770 917 855 miseris,
942 770 1027 856 quod
1048 768 1300 837 haesitationem
1320 769 1376 836 tibi

179 872 274 956 fecit,
302 872 495 958 aestimabo,
522 896 566 939 an
593 873 712 939 debeas
739 894 934 960 cognoscere
961 874 1002 940 de
1026 873 1245 960 agnoscendis
1271 872 1375 939 liberis

180 979 214 1041 et
235 975 399 1042 natalibus
421 976 488 1042 suis
509 975 729 1043 restituendis.
1386 989 1413 1052 ⁵,

622 1144 790 1213 fflffll
821 1146 935 1235 [ml

462 1269 493 1321 c.
511 1268 661 1323 Parmos
678 1269 841 1323 samono
857 1270 1094 1323 mensarum

69 1397 71 1401 '
152 1386 169 1450 1
265 1386 462 1474 Appuleius,
486 1385 631 1471 domiue,
653 1385 757 1472 miles,
781 1386 837 1473 qui
858 1391 909 1454 est
928 1389 966 1453 in
987 1388 1128 1454 statione
1141 1387 1377 1472 Nicomedensi,
1466 1423 1467 1461 ι

140 1560 145 1570 ,
179 1490 312 1576 scripsit
331 1490 412 1556 mihi
433 1489 595 1575 quendam
616 1488 749 1555 nomine
770 1487 1018 1575 Callidromum,
1047 1511 1122 1555 cum
1143 1489 1379 1557 detineretura
1442 1498 1446 1505 '

179 1591 382 1659 Maximoet
367 1591 566 1678 tDionysio
595 1590 786 1678 pistoribus,
821 1591 937 1678 quibus
965 1612 1080 1678 operas
1107 1614 1182 1659 suas
1209 1593 1442 1723 locaverat,
1389 1607 1408 1646 1⁰

63 1757 66 1762 .
180 1695 366 1781 confugisse
388 1693 430 1759 ad
451 1698 541 1759 tuam
563 1697 706 1761 statuam
727 1695 982 1781 perductumque
1003 1693 1045 1761 ad
1067 1694 1281 1782 magistratus
1302 1695 1378 1762 indi·
1435 1728 1440 1783 j

133 1831 136 1835 ·
180 1819 270 1864 casse
296 1798 432 1863 servisse
460 1796 634 1881 aliquando
660 1797 798 1863 Laberio
823 1797 967 1863 Maximo
994 1800 1189 1887 captumque
1216 1821 1238 1865 a
1258 1796 1438 1891 Susago

178 1900 215 1966 in
236 1899 360 1966 Moesia
381 1902 415 1965 et
436 1921 456 1963 a
476 1898 632 1966 Decibalo
652 1901 780 1966 muneri
801 1901 936 1967 missum
957 1900 1097 1986 Pacoro,
1123 1900 1279 1969 Parthiae
1301 1896 1439 1988 regi,
1436 1942 1439 1947 -

179 2002 389 2089 pluribusque
403 2001 500 2067 annis
521 2002 557 2068 in'
572 2003 754 2069 ministerio
776 2003 845 2069 eius
860 2003 978 2089 foisse,
1001 2002 1118 2070 deinde
1138 2004 1265 2091 fugisse
1286 2007 1378 2090 atque
1435 1990 1439 2003 ⁶

149 2101 226 2172 aits
246 2106 283 2171 in
297 2103 520 2171 Nicomediam
534 2092 729 2191 pervenisse.
760 2127 856 2192 quem
869 2128 932 2193 ego
953 2106 1146 2192 perductum
1161 2106 1203 2172 ad
1223 2128 1288 2190 me,
1312 2120 1408 2173 cum¹⁵
1434 2108 1448 2186 ξ’

179 2209 291 2275 eadem
318 2212 500 2292 narrasset,
528 2208 723 2274 mittendum
751 2208 792 2274 ad
816 2211 851 2274 te
871 2209 1001 2294 putari,
1028 2208 1113 2295 quod
1133 2208 1233 2295 paulo
1258 2207 1379 2275 tardius

29 2387 32 2392 ‚
178 2310 256 2392 feci,
280 2311 356 2377 dum
378 2312 505 2397 requiro
527 2332 705 2398 gemmam,
727 2333 823 2399 quam
845 2311 907 2377 sibi
927 2310 1102 2378 habentem
1122 2311 1304 2397 imaginem
1324 2311 1380 2377 Pa
1435 2384 1440 2396 ‚

148 2413 247 2479 boori
268 2416 301 2479 et
322 2414 437 2500 quibus
460 2417 593 2480 ornatus
615 2414 731 2481 haser
752 2414 954 2480 subtractam
979 2414 1157 2480 indicabat.
1186 2414 1276 2481 volui
1297 2415 1380 2480 enim
1434 2418 1437 2435 '

179 2514 266 2582 hanc
288 2537 430 2632 quoque,
454 2517 483 2582 si
504 2516 645 2583 inueniri
665 2516 841 2603 potuisset,
868 2516 965 2583 simul
986 2517 1131 2602 mittere,
1159 2517 1245 2584 sicut
1272 2517 1379 2604 glebu-

178 2618 246 2684 lam
266 2641 357 2704 m1s1,
380 2641 477 2705 quam
492 2607 528 2686 se
549 2641 598 2685 ex
595 2618 757 2685 Parthico
772 2619 904 2686 metallo
919 2619 1066 2686 attulisse
1081 2620 1221 2687 dicebat
1251 2620 1407 2709 signata¹⁰

180 2723 231 2787 est
252 2721 350 2788 anulo
372 2744 459 2808 meo,
482 2724 573 2789 cuius
595 2725 645 2788 est
666 2721 936 2809 aposphragisma
958 2722 1127 2810 quadriga.

565 2892 698 2960 cxxv.
723 2892 944 2980 [aarum]

465 3017 496 3069 C.
514 3017 663 3069 PLINIUS
682 3015 844 3069 TRAIANO
862 3015 1096 3071 IMPERATORI

151 3132 168 3196 l
264 3134 381 3221 Iulius,
405 3133 552 3219 domine,
571 3133 696 3220 Largus
719 3156 759 3199 ex
773 3132 879 3198 Ponto
901 3132 1046 3199 nondum
1067 3133 1148 3200 mihi
1169 3135 1258 3202 visus
1281 3159 1320 3202 ac
1339 3157 1377 3202 ne

180 3238 308 3303 auditus
323 3237 453 3324 quidem
469 3238 609 3324 (scilicet
623 3237 740 3302 iudicio
754 3239 811 3300 tuo
828 3235 977 3321 credidit)
993 3236 1269 3320 dispensationem
1283 3246 1405 3325 quau-¹⁵

148 3334 252 3405 idam
266 3340 348 3405 mihi
362 3362 441 3426 erga
462 3344 496 3405 te
511 3339 643 3425 pietatis
665 3360 741 3404 suae
756 3338 1032 3425 ministeriumque
1047 3341 1224 3408 mandarit.
1256 3341 1377 3429 rogavit

131 3470 136 3484 ·
179 3444 489 3509 enimtestamento
516 3446 553 3508 ut
578 3442 792 3508 hereditatem
819 3464 911 3507 suam
938 3442 1061 3508 adirem
1089 3465 1318 3531 cerneremque
1344 3464 1376 3509 ac

178 3543 294 3611 deinde
316 3548 499 3633 praeceptis
521 3545 758 3632 quinquaginta
773 3544 905 3611 milibus
927 3568 1095 3612 nummum
1115 3546 1276 3635 reliquum
1288 3568 1376 3615 omne

177 3646 446 3715 Heracleotarum
474 3653 508 3716 et
534 3649 709 3714 Tianorum
737 3647 924 3714 civitatibus
951 3649 1133 3735 redderem,
1160 3650 1209 3717 ita
1234 3655 1273 3728 nt
1299 3652 1377 3717 esset

230 3908 366 3991 ‘LXXIII
392 3913 408 3962 3
434 3910 649 3963 haesitationem
675 3908 824 3961 Beroaldus
849 3924 866 3957 a
892 3909 1082 3961 haesitatione
1104 3895 1152 3959 ΔΙ
1250 3911 1267 3962 b
1291 3910 1376 3962 suisa

177 3980 380 4100 1¹0¹'ISLLXIIII
412 4048 453 4099 De
472 4046 640 4099 Callidromo
658 4048 778 4098 Laberio
796 4046 925 4112 (Laberii
940 4045 968 4112 a)
985 4046 1101 4098 Maximi
1112 4047 1233 4113 iugitiuo
1252 4047 1348 4099 .L.s

178 4115 388 4183 SApuleiusA
459 4119 489 4166 12
508 4115 620 4168 Valerio
639 4117 761 4168 Maximo
784 4117 815 4166 L.
836 4116 929 4167 Carrio
947 4119 1045 4168 emend.
1065 4117 1110 4168 1⁷
1180 4117 1213 4167 18
1232 4119 1261 4167 et
1280 4115 1374 4180 quibus

178 4185 338 4251 insignibus
355 4191 470 4237 ornatus
488 4185 588 4236 fuisset
608 4186 753 4237 Coronaeus
780 4189 809 4235 et
835 4185 913 4236 cuius
932 4190 1045 4236 ornatus
1072 4185 1174 4236 fuisset
1193 4183 1303 4236 Orellius
1320 4197 1374 4233 oum

179 4253 241 4305 aliis
261 4253 359 4319 quibus
377 4270 445 4305 orna
448 4258 491 4305 tus
510 4254 609 4304 fuisset
626 4256 795 4306 itomarrenus
898 4256 930 4305 21
949 4254 1178 4328 apqsphragisma
1195 4269 1213 4302 a
1231 4251 1375 4320 aposphsr·

177 4322 347 4443 gumLXAXV
365 4391 406 4442 De
427 4395 591 4442 testamento
609 4391 722 4459 Largi.
732 4391 787 4444 LI.
807 4393 830 4442 Δ
899 4393 933 4443 24
950 4389 1082 4458 nondum]
1103 4405 1254 4455 numquam
1272 4389 1375 4442 Oreliius

245 4461 279 4510 25
298 4459 407 4511 scilicet
424 4459 526 4511 iudicio
545 4466 592 4511 tuo
611 4461 729 4513 credidit
748 4461 895 4513 Beroaldus
921 4461 1033 4513 scilicet
1061 4460 1163 4511 iudicio
1182 4465 1231 4511 tuo
1250 4458 1375 4510 credith

66 4610 127 4664 n
169 4527 980 4654 utilio„tuttidubitationis?“¹³‘¹⁶
1002 4531 1149 4595 mm*
1166 4528 1347 4594 ⁹“⁰‘¹'“⁸⁸
