2934 4966
554 299 556 304 '
638 297 849 351 enuntiem.
1283 307 1346 358 XX!

147 455 150 459 ’
225 459 396 548 Pomponii
419 457 510 525 Laeti
532 457 755 524 recensionem
777 459 889 523 secuta
916 460 967 523 est
988 458 1087 526 editio
1107 458 1252 546 Philippi
1276 458 1361 529 Be:
1425 485 1429 495 ·

115 563 267 630 roaldi
290 587 319 630 a.
344 562 443 647 1498,
468 567 501 627 C.
525 567 620 626 Plinii
640 565 777 626 Secundi
795 564 931 625 Iunioris
952 566 1076 641 epistole
1093 584 1154 645 per
1172 567 1347 647 Philippum

137 673 327 733 Beroaliinm
353 678 500 734 correcta.
531 665 566 730 in
593 665 659 748 fine
687 669 719 728 C.
743 668 840 728 Plinii
863 665 1001 729 Secundi
1026 669 1163 732 Iunioris
1189 670 1348 749 Epistulae

42 786 48 794 ·
138 777 261 851 illapna
282 791 359 837 curn
386 774 559 850 impressae
581 771 743 833 Bononiae
765 786 826 846 per
854 772 1053 832 Beneaictan
1080 773 1222 836 Hectoris
1244 777 1346 838 Bono·

136 880 281 939 niensem.
321 878 409 937 Anno
431 892 456 935 a
475 876 576 935 natali
589 875 704 935 Christi
719 873 753 934 it
767 917 773 930 .
788 872 1126 935 CCCCLXXXXVIII
1141 919 1149 936 .
1167 877 1259 940 XIV.
1275 879 1346 942 Ka·

64 989 67 993 ’
135 983 195 1040 leis.
209 979 400 1040 Nouembris.
425 972 511 1038 hnnc
526 972 642 1039 deinde
657 964 816 1057 expressit
829 970 969 1038 Ioannes
984 971 1089 1038 Muris
1104 970 1345 1063 Catanueus,

135 1064 363 1163 qui'primum
390 1098 420 1140 a.
453 1075 536 1145 1506
568 1096 684 1141 norem
717 1073 942 1159 epistularum.
959 1073 1059 1142 libros
1095 1098 1168 1142 cum
1198 1076 1345 1163 epistulis

134 1178 237 1246 Plinii
264 1182 298 1245 et
319 1176 469 1260 Traiani,
499 1199 582 1263 quas
604 1177 733 1264 quidem
761 1180 830 1241 turn
858 1175 963 1242 editas
986 1181 1097 1263 erant,
1128 1177 1257 1245 etcum
1289 1202 1345 1267 pu·
1373 1165 1377 1176 ⁵

135 1272 294 1368 neg'y'uico
316 1280 426 1348 edidit.
450 1280 485 1345 in
507 1282 572 1346 fine
595 1280 779 1366 subscripta
801 1283 878 1344 sunt
899 1279 995 1364 haee,
1020 1287 1204 1363 impressum
1227 1286 1350 1352 Maelio·-

134 1392 205 1452 Iani
224 1391 310 1467 apud
331 1389 544 1451 Alexandrum
574 1389 781 1450 Minatiannm
805 1403 887 1448 ritino
909 1389 1027 1469 salutis,
1058 1389 1094 1450 M
1100 1389 1163 1450 .u.
1184 1390 1238 1452 VI.
1266 1391 1301 1453 X
1306 1393 1342 1455 V.

136 1493 281 1555 Calendis
309 1491 497 1568 Februarii}
518 1491 568 1551 IN
594 1489 677 1551 HOC
705 1488 780 1550 Vnt
789 1491 815 1552 V
816 1489 931 1550 MINE
952 1489 1264 1555 continuaturi.
1285 1497 1290 1571 Ι
1310 1494 1343 1557 C.

134 1599 231 1658 Plinii
262 1597 390 1669 Caecilii
420 1594 556 1656 Secundi
577 1575 787 1672 :epistolarum
820 1593 893 1653 libri
923 1610 1041 1655 nouem.
1079 1595 1222 1658 Eiusdem
1254 1596 1349 1661 Plinii

134 1701 256 1772 libellus
276 1700 474 1778 epistolarum
496 1697 541 1757 nti
564 1696 732 1758 Traianum
754 1712 822 1758 eum
850 1700 1009 1774 rescriptis
1029 1699 1162 1760 eiusdem
1182 1701 1346 1778 principii.
1403 1711 1405 1718 ’

136 1803 279 1875 Eiusdem
301 1804 516 1879 puaappricns
545 1799 683 1867 Traicino
710 1799 840 1861 Caesari
871 1802 971 1861 dietas
999 1818 1067 1863 cum
1095 1792 1356 1867 encirrniioniuui

134 1905 262 1967 Ioannis
284 1905 408 1966 Mariae
431 1904 590 1965 Calanaei.
627 1897 682 1962 sed
705 1897 820 1963 horum
842 1900 957 1964 neuter
978 1919 1078 1963 mann
1100 1899 1232 1986 scriptis
1253 1901 1346 1969 libris

135 2024 212 2070 usius
235 2006 293 2068 est.
319 2024 515 2089 quamquam
532 2000 720 2069 Catanusus
748 1999 783 2065 in
813 1999 952 2086 epistula
977 2001 1158 2086 praemissa
1179 2003 1225 2069 ad
1242 2003 1344 2071 lofre-

134 2107 212 2172 dnm
235 2105 385 2173 Carolum
406 2104 582 2170 Mediolani
605 2127 633 2169 a.
661 2104 743 2169 1505
772 2105 849 2168 data
870 2125 926 2170 nos
953 2116 1067 2179 autem,
1097 2104 1219 2192 inquii,
1244 2128 1344 2190 pecu-

132 2215 230 2275 liares
250 2214 402 2290 quaedam
423 2215 455 2273 in
469 2214 528 2274 ltoc
543 2229 636 2289 opere
650 2210 852 2285 difficultates
866 2213 1103 2273 circumstetere.
1126 2230 1198 2274 nrum
1209 2216 1343 2292 primum

132 2316 355 2378 elaborandum
372 2316 439 2390 sitit
460 2322 493 2377 nt
513 2318 608 2376 multa
630 2331 698 2376 cnm
727 2316 881 2390 impressis
909 2322 1029 2375 uetusta
1055 2318 1249 2394 exemplaria
1271 2336 1341 2382 con·

130 2419 302 2495 ferremus:
324 2420 435 2496 quibus
456 2420 589 2480 Plinium
615 2419 777 2479 Caecilium
808 2433 906 2493 snpra
933 2424 1070 2480 caeteros
1097 2422 1264 2498 scriptores
1286 2423 1344 2486 tle-

129 2532 299 2602 prauatum
326 2540 369 2584 ex
396 2523 580 2600 Hippolyto:
613 2524 642 2581 si
664 2523 737 2594 fieri
761 2529 878 2596 posset:
918 2521 1053 2583 Virbium
1071 2521 1262 2596 faceremus.
1301 2529 1344 2588 tot

132 2643 270 2688 errores:
293 2633 323 2686 et
343 2608 381 2686 iri
398 2617 506 2686 latinis
528 2630 559 2684 et
586 2626 616 2684 in
643 2626 768 2699 praecis
795 2622 932 2683 curandi
948 2612 1091 2697 sn'er'ttnt.
1117 2659 1152 2671 -
1181 2624 1238 2688 sc'tl
1264 2608 1343 2690 lilaea

131 2731 355 2808 qualiacunque
385 2736 455 2790 sura
491 2727 595 2788 studio
632 2734 739 2787 nostro
764 2727 994 2788 lucubrauirnus
1020 2730 1150 2790 sublatis
1176 2732 1343 2794 innumeris

131 2834 288 2895 emeritus
303 2839 436 2908 praem
457 2848 549 2893 rmrim
572 2836 627 2891 ant
649 2832 797 2890 alterurn:
825 2847 900 2905 qaas
925 2832 992 2891 sine
1016 2831 1081 2904 fide
1108 2834 1220 2895 ueteris
1241 2828 1342 2895 erem·

126 2938 232 3015 pluris
253 2937 329 2996 uelle
348 2951 515 3011 reponere:
531 2933 645 3007 suisset
666 2942 833 2993 temerare:
856 2950 916 2993 riou
939 2936 1112 2996 emendare.

217 3034 415 3100 laudemus.
440 3032 523 3099 1508
547 3031 673 3098 Aldus
696 3031 790 3096 Pius
812 3030 1016 3098 Manutius
1040 3036 1180 3100 veterem
1197 3034 1340 3102 codicem

131 3142 202 3204 tum
228 3137 370 3223 pn’mum
394 3139 559 3220 repertum
593 3137 709 3199 nactus
737 3156 855 3199 novam
883 3136 1105 3202 recensionem
1134 3137 1274 3224 paravit.
1312 3138 1341 3204 is

131 3241 219 3308 onim
247 3240 371 3326 primus
397 3244 550 3304 octavum
582 3236 701 3302 librum
735 3242 770 3304 et
797 3239 964 3324 integrum
993 3238 1095 3304 edidit
1122 3243 1155 3306 et
1181 3240 1218 3306 in
1245 3263 1340 3307 sunm

131 3345 239 3412 locum
258 3342 437 3426 revocarit,
468 3342 504 3407 in
531 3362 620 3405 nono
641 3340 725 3407 libro
747 3340 914 3406 turbatum
937 3345 1035 3406 antea
1057 3342 1269 3428 epimelamm
1290 3366 1340 3410 or·

129 3444 406 3513 ‹linem'restituit
426 3449 461 3511 et
480 3445 634 3510 omnsam
656 3448 753 3509 antea
770 3444 943 3529 epistulam
965 3446 1266 3512 sextamdecimam
1286 3445 1340 3512 ad·

129 3550 229 3635 didit,
251 3548 407 3636 epistulas
427 3546 528 3613 Plinii
550 3551 588 3611 et
605 3544 756 3630 Traiani,
780 3567 916 3631 quarum
938 3568 1014 3632 pars
1034 3552 1133 3614 antea
1155 3549 1243 3616 edita
1256 3552 1338 3636 erat,

42 3646 46 3658 ⁸
128 3654 236 3738 auxit,
257 3652 396 3738 deniqne
417 3655 604 3738 corruptam
626 3649 771 3734 pn'orum
785 3649 1016 3734 exemplarium
1031 3651 1225 3737 scripturam
1240 3652 1339 3738 pluri·

127 3758 192 3824 mis
212 3754 292 3821 loeis
313 3755 463 3820 correxit.
497 3753 538 3818 de
565 3752 618 3817 his
646 3752 796 3817 omnibns
825 3756 858 3816 et
886 3752 922 3816 in
949 3752 1046 3818 titulo
1068 3753 1219 3820 editionis
1248 3755 1339 3821 etin

125 3859 331 3949 praefatione
351 3857 453 3942 dixit,
475 3879 559 3942 quae
580 3855 635 3921 hic
656 3856 835 3940 repetenda
858 3855 1051 3921 curavimus.
1074 3856 1100 3921 i.
1119 3859 1135 3921 l
1154 3860 1185 3921 C.
1202 3861 1363 3923 ettrttt.

125 3965 314 4032 saciant
341 3963 657 4025 s'ut'icttttttn'sts
679 3966 878 4040 epistolarum
911 3965 986 4025 iitri
1011 3965 1136 4038 Decem,
1168 3966 1200 4024 in
1227 3963 1337 4040 quibus

124 4075 240 4134 multae
264 4070 418 4131 incomta
442 4070 591 4146 epistotae
617 4086 678 4130 non
707 4074 780 4128 ante
804 4069 980 4144 impressae.
1022 4066 1097 4129 Tum
1127 4068 1248 4129 Graeca
1268 4082 1337 4128 cnr·

124 4183 232 4249 recta,
254 4179 285 4234 et
303 4174 367 4234 sua
385 4174 463 4234 loeis
482 4176 638 4246 restituta,
667 4178 759 4246 atque
780 4172 900 4231 reiectis
923 4171 1121 4244 adulterinis,
1152 4185 1230 4230 uera
1250 4185 1337 4247 repo

123 4283 199 4344 sita.
228 4278 304 4339 Item
320 4275 557 4352 srapmeulnine
577 4277 740 4353 epistolae,
764 4278 904 4349 inteprue
921 4273 1042 4347 sactae.
1072 4272 1110 4332 In
1125 4273 1224 4333 medio
1245 4275 1338 4333 etiam

122 4383 274 4462 epistolae
292 4380 367 4441 lrlrri
385 4382 492 4441 actarii
511 4381 550 4439 eie
572 4381 724 4440 Clitumna
742 4377 834 4450 sonte
854 4394 915 4438 non
937 4378 1031 4438 solum
1048 4378 1162 4438 uertici
1179 4378 1255 4437 cala
1275 4376 1337 4436 ud-

125 4491 224 4558 ditus,
246 4493 279 4543 et
298 4486 381 4545 calci
401 4492 527 4556 ircrteu,
550 4485 608 4543 seri
627 4486 729 4543 elecem
752 4498 873 4557 precipue
893 4482 1040 4558 epistolae
1060 4483 1273 4556 interpositae,
1297 4496 1337 4538 uc

124 4607 170 4654 a
191 4587 279 4650 nono
297 4587 379 4648 turo
401 4586 535 4648 actam
552 4586 675 4664 sactus,
697 4596 728 4646 et
747 4601 789 4645 ecc
804 4594 914 4647 octauo
928 4583 1050 4658 sionna,
1073 4583 1172 4660 quue
1191 4584 1337 4655 beneficio
