2934 4966
386 312 644 367 *uersrunsuun
661 311 803 364 n-ns.
826 297 926 390 [o-a
948 298 1081 392 ss-es.]
1292 299 1358 368 275
1419 353 1422 359 .

148 422 309 541 mortales
323 492 438 557 precor
460 474 497 537 ut
517 494 630 539 omnes
657 473 874 561 cogitationes
893 470 967 538 tuas
987 475 1055 538 tam
1080 473 1185 542 laetus
1206 451 1359 560 sequatur

117 604 122 612 ·
149 579 297 660 eventus,
320 576 359 639 ut
374 572 547 642 virtutibus
561 575 664 642 tantis
678 577 784 664 gloria
798 575 928 661 imperii
943 578 976 641 et
989 580 1127 643 novetur
1139 581 1175 644 et
1188 577 1357 665 augeatur.

561 746 635 816 XV.
660 744 806 838 [xxm]
830 755 867 824 (a
888 755 949 824 ιιι)

433 868 465 926 c.
482 869 633 925 surmus
651 870 813 924 rnnrsrvo
831 870 1066 924 Inraaanonr

125 1009 140 1051 s
238 989 322 1067 Quia
336 987 463 1054 confido
469 1037 479 1074 ‚
502 986 648 1074 domine,
672 988 713 1054 ad
729 1010 840 1055 curam
853 992 944 1054 tuam
959 989 1144 1077 pertinere,
1161 990 1278 1057 nuntio
1298 990 1361 1057 tibi
1409 987 1414 992 ’

151 1114 205 1159 me
227 1091 395 1179 Ephesum
418 1112 490 1157 cum
512 1092 662 1157 omnibus
677 1093 757 1181 meis
778 1093 862 1175 ὑπὲρ
884 1094 1019 1172 Μαλέαν
1040 1094 1233 1182 navigasse,
1251 1116 1361 1182 quum·

152 1196 203 1263 vis
225 1195 397 1262 contrariis
418 1193 525 1260 ventis
553 1197 727 1272 retentum.
761 1217 850 1262 nunc
872 1195 999 1262 destino
1024 1197 1146 1285 partim
1167 1197 1281 1263 orariis
1302 1218 1375 1289 naf-

154 1298 247 1365 vrbus
261 1298 383 1384 partim
396 1294 552 1364 vehiculis
563 1298 766 1384 provinciam
780 1302 901 1385 petere.
928 1286 1006 1365 n'am
1022 1298 1106 1366 sicht
1120 1286 1230 1368 itineii
1245 1293 1361 1388 grav&

113 1417 116 1423 ’
154 1405 279 1487 aestus,
302 1401 350 1466 ita
372 1400 546 1467 continuae
568 1401 773 1488 navigationi
795 1403 914 1469 etesiae
935 1403 1149 1472 reluctantur.
1418 1411 1419 1414 ’

116 1602 143 1644 a
238 1530 242 1540 ’
547 1527 643 1640 ιιι.
668 1572 831 1664 [navus
855 1585 892 1653 (a.
908 1584 968 1653 111)

238 1702 241 1708 '
594 1694 781 1749 TRAIANUS
799 1696 927 1750 PLINIO
980 1755 983 1761 ,

242 1813 344 1880 Recte
365 1813 578 1898 renuntiasti,
600 1812 647 1879 mi
669 1811 815 1881 Secunde
838 1814 1018 1881 carissime:
1047 1815 1192 1901 pertinet
1213 1815 1301 1882 enim
1322 1815 1363 1881 ad
1428 1858 1430 1861 -

155 1917 302 1983 animum
323 1938 448 2002 meum,
469 1916 557 2003 quali
579 1915 698 1982 itinere
712 1921 743 1982 in
758 1918 960 2003 provinciam
973 1919 1153 2004 pervenias.
1186 1918 1365 2006 prudenter
1431 1966 1435 1971 -

148 2023 267 2089 ,autem
296 2020 466 2086 constituis
493 2019 627 2086 interim
658 2019 796 2086 navibus
828 2020 961 2086 interim
985 2020 1141 2088 vehiculis
1168 2019 1234 2107 uti,
1267 2024 1366 2108 prout

112 2142 141 2184 rs
154 2122 229 2190 loca
250 2123 423 2190 suaserint.
1068 2152 1071 2158 ·

517 2292 664 2362 XVII'A.
690 2290 869 2385 [XXVHI.]
894 2305 930 2373 (a.
946 2304 1007 2373 ιιι)

398 2458 400 2462 ,
443 2418 474 2470 c.
491 2416 641 2471 emarus
659 2417 824 2471 sarrano
844 2417 1074 2497 rurenanrom

246 2535 337 2604 Sicut
358 2535 604 2625 saluberrimam
625 2534 885 2621 navigationem,
909 2534 1054 2620 doniine,
1077 2557 1179 2621 usque
1200 2535 1394 2623 Ephesuml

159 2642 326 2725 expertus,
354 2639 403 2704 ita
429 2638 522 2723 inde,
551 2641 722 2724 postquam
750 2637 907 2704 vehiculis
934 2637 997 2703 iter
1024 2632 1132 2704 facere
1155 2624 1262 2724 coepi,
1291 2661 1366 2726 grae

118 2760 146 2802 ro
158 2742 300 2811 vissimis
315 2740 458 2807 aestibus
481 2744 577 2826 atque
592 2740 691 2805 etiam
712 2738 878 2805 febriculis
901 2743 1034 2805 vexatus
1048 2739 1200 2827 Pergami
1222 2740 1364 2807 substiti.

158 2868 288 2931 rursus,
318 2867 392 2912 cum
418 2845 610 2914 transissem
637 2843 672 2909 in
700 2843 823 2908 orarias
849 2841 1016 2909 naviculas
1023 2894 1032 2927 ,
1063 2844 1233 2910 contrariis
1260 2844 1397 2912 ventis2

158 2952 307 3014 retentus
333 2946 501 3032 aliquanto
527 2945 650 3011 tardius
678 2967 775 3030 quam
802 2967 1022 3030 speraveram,
1054 2945 1088 3010 id
1122 2949 1172 3012 est
1199 2946 1263 3012 XV
1299 2947 1365 3014 kal.

160 3053 334 3134 Octobres,
358 3048 550 3134 Bithyniam
571 3047 703 3113 intravi.
737 3069 803 3113 non
822 3068 952 3132 possum
973 3051 1085 3114 tamen
1101 3048 1140 3114 de
1155 3071 1245 3115 mora
1266 3050 1367 3135 quen',

160 3177 235 3221 cum
256 3153 337 3219 mihi
360 3153 551 3238 contigerit,
575 3149 661 3236 quod
683 3154 754 3215 erat
775 3151 1083 3236 auspicatissimum,
1110 3150 1254 3218 natalem
1275 3155 1368 3219 tuum

122 3268 146 3313 ²⁵
159 3259 196 3324 in
219 3257 387 3344 provincia
409 3253 582 3322 celebrare.
621 3275 711 3319 nunc
732 3253 779 3318 rei
800 3253 950 3337 publicae
971 3253 1181 3320 Prusensium
1203 3255 1398 3341 impendiass
1445 3281 1455 3300 ·

160 3361 286 3426 reditus
308 3359 469 3425 debitores
492 3357 635 3440 excuti0,
659 3356 743 3440 quod
758 3377 797 3420 ex
819 3357 890 3443 ipso
912 3360 1056 3423 tractatu
1077 3358 1184 3444 magis
1206 3364 1369 3445 armagis

160 3463 381 3529 necessarium
402 3459 589 3545 intellego.
606 3457 727 3523 multae
749 3459 838 3523 enim
859 3461 1017 3545 pecuniae
1038 3459 1137 3525 variis
1160 3481 1199 3526 ex
1222 3461 1327 3526 causis
1349 3483 1370 3525 a

159 3565 298 3653 privat-is
326 3564 529 3630 detinentur:
561 3563 729 3645 praeterea
757 3563 915 3646 quaedam
941 3563 1076 3628 minime
1103 3562 1259 3648 legitimis
1285 3586 1371 3630 sum·

160 3667 273 3754 ptibus
288 3668 475 3753 erogantur.
509 3664 590 3729 haec
604 3663 681 3747 tibi,
699 3662 838 3749 domine,
854 3665 976 3752 inipso
991 3666 1140 3752 ingressu
1155 3687 1227 3732 meo
1242 3666 1401 3752 scripsi4

161 3876 367 3889 ...η-υ-

231 4014 282 4066 XV
300 4013 343 4064 De
363 4011 465 4062 itinere
484 4027 533 4063 suo
552 4011 581 4061 in
599 4008 759 4074 Bithyniam
778 4023 795 4058 a
911 4011 1083 4063 'lreteutum
1107 4010 1143 4063 Il.
1163 4011 1310 4079 Stephanus
1326 4027 1369 4064 re·

161 4088 257 4135 tentus
276 4097 293 4131 a
360 4082 475 4144 sortasse
494 4081 632 4130 onerariis
702 4078 718 4128 8
736 4077 828 4128 itineri
847 4077 942 4129 Αἱιίιιιε
959 4080 1093 4131 itineres

231 4152 299 4203 XVI
318 4153 349 4201 13
368 4151 396 4198 in
415 4149 588 4216 prouinciam
609 4149 769 4198 Coronaeus:
787 4146 816 4194 iu
834 4161 882 4200 om.
899 4161 917 4195 a

232 4219 312 4272 XVII
324 4221 357 4270 A.
376 4220 406 4268 lu
426 4217 587 4280 Bithyniam
606 4233 636 4267 se
655 4217 767 4267 uenisse
786 4215 885 4264 scribit
903 4229 921 4263 a
1001 4217 1033 4267 18
1053 4232 1138 4282 usque
1153 4215 1291 4282 Ephesum
1310 4231 1369 4267 sum
1402 4217 1406 4221 '

164 4295 293 4356 expertus
313 4288 343 4343 G.
360 4287 398 4341 H.
417 4286 576 4349 Setueseras
652 4288 685 4336 21
701 4286 819 4351 sortasse
836 4283 980 4334 onerariae
1067 4287 1100 4335 26
1118 4290 1242 4335 tractatu
1259 4284 1371 4336 Rittcrs-

162 4359 250 4410 husim
267 4360 360 4408 tractu
378 4370 396 4404 a
