2934 4966
158 311 261 361 xxxrr
441 277 443 281 ’
496 320 498 324 v
535 303 536 306 ’
653 306 864 355 ancarano.

157 466 307 550 regatur,
329 461 494 546 multaque
516 461 551 526 in
574 483 612 526 ea
633 483 668 526 re
691 460 784 525 abiis
807 459 861 544 qui
881 457 939 522 has
955 457 1109 542 epistulas
1120 457 1290 523 ediderunt
1311 455 1365 521 rel
1392 497 1404 523 '.

158 568 193 633 in
215 567 255 631 iis
278 562 486 630 emendandis
508 585 638 649 operam
655 563 892 629 collocaverunt
906 563 1041 647 peccata
1055 562 1143 626 sunt.
1166 559 1278 627 eadem
1300 557 1368 624 fuit

159 690 271 752 causa,
307 688 363 733 cur
389 667 605 752 inapparatu
634 667 746 732 critico
768 686 888 751 magna
914 663 1167 749 discrepantium
1189 662 1386 748 scriptura?

104 775 106 778 ’
157 792 229 834 rum
240 769 340 835 moles
353 769 574 855 componenda
590 773 685 854 esset,
708 767 807 834 taedii
820 766 877 832 illa
894 766 1023 853 quidem
1037 766 1146 853 plena,
1168 766 1224 832 sed
1236 765 1274 831 ad
1289 786 1367 832 con·

159 873 353 939 firmandum
364 871 518 937 iudicium
529 873 661 937 omnino
673 870 864 937 necessaria.
887 892 964 935 nam
976 873 1105 956 praeter
1116 869 1241 935 codices
1253 868 1367 935 multis

160 975 362 1041 librariorum
373 974 533 1040 erroribus
555 974 746 1060 depravatos
758 996 826 1039 non
843 973 945 1039 solum
963 973 1118 1038 lectiones
1132 975 1277 1039 veterum
1299 972 1368 1038 edi·

26 1069 30 1077 ’
81 1095 83 1100 ·
160 1078 300 1163 tionum,
327 1079 361 1144 in
391 1076 508 1164 quibus
524 1076 748 1162 manuscripti
770 1076 845 1142 libri
858 1074 995 1141 adhibiti
1009 1085 1117 1160 erunt,
1131 1076 1289 1162 principis
1300 1073 1367 1141 Ro

31 1239 32 1242 ,
160 1202 274 1247 manae
291 1181 442 1264 Aldinae,
466 1179 666 1245 exhibendae
676 1179 818 1264 fuerunt,
839 1180 895 1245 sed
913 1202 955 1245 ne
971 1180 1128 1265 impressa
1146 1179 1276 1265 quidem
1287 1181 1368 1244 ante

159 1283 276 1349 Aldum
288 1282 485 1368 exemplaria
495 1282 626 1368 neglegi
638 1286 805 1368 poterant·
824 1305 862 1347 ex
874 1281 924 1348 his
939 1282 1091 1368 princeps
1104 1281 1202 1347 editio
1213 1284 1250 1348 ut
1259 1282 1367 1347 instar
1404 1352 1405 1357 χ
1429 1324 1435 1332 »

160 1385 278 1451 codicis
291 1387 357 1469 est,
369 1385 417 1450 ita
429 1407 506 1471 prae
522 1385 614 1451 libris
626 1407 724 1451 manu
736 1385 865 1470 scriptis
877 1385 945 1450 eiu
954 1384 1076 1450 ordinis
1087 1382 1178 1450 illam
1189 1384 1367 1451 utilitatem
1398 1467 1402 1474 .

160 1486 269 1572 habet,
283 1486 367 1574 quod
378 1487 446 1553 eius
456 1488 595 1554 lectione
607 1487 751 1553 indicata
762 1487 974 1574 intellegitur,
992 1487 1142 1573 quemad
1157 1487 1288 1553 modum
1300 1486 1369 1573 pri·
1431 1488 1434 1494 ’

161 1612 248 1655 mum
271 1589 377 1657 editae
389 1592 456 1657 sint
477 1591 650 1677 epistulae:
672 1613 749 1656 nam
761 1591 802 1656 ab
818 1589 879 1657 hac
890 1590 1033 1677 reliquae
1043 1590 1201 1658 editiones
1211 1589 1367 1677 pendent.
1443 1633 1444 1636 κ

161 1692 309 1758 Romana
322 1694 472 1779 editione,
496 1694 641 1780 quamvis
652 1715 690 1759 ea
701 1695 894 1780 scripturam
907 1694 1025 1759 codicis
1043 1715 1176 1780 eamque
1192 1693 1368 1760 a'Mediceo
1434 1687 1437 1690 ⁴

160 1817 227 1862 non
242 1796 344 1862 multo
360 1789 519 1863 diversam
534 1818 607 1861 oum
624 1796 726 1863 foedis
739 1796 864 1865 mendis
876 1796 1010 1862 mixtam
1022 1797 1190 1883 exhibeat,
1210 1795 1262 1862 rel
1271 1818 1368 1883 prop·

161 1903 250 1965 terea
274 1901 376 1965 careri
398 1921 465 1966 non
488 1899 608 1986 potuit,
632 1900 715 1985 quod
739 1899 840 1965 multu
862 1922 900 1964 ex
923 1922 962 1966 ea
983 1901 1023 1966 ad
1046 1900 1186 1987 reliquas
1209 1898 1369 1965 editiones

160 2005 344 2089 propagata
365 2005 452 2069 sunt.
490 2002 527 2067 in
559 2000 619 2067 hac
651 1990 761 2068 tamen
794 2002 969 2088 quaedam,
999 2003 1036 2069 in
1067 2003 1183 2089 quibus
1211 2001 1369 2069 levissimi
1431 2087 1433 2091 ἢ

162 2103 294 2169 editoris
309 2126 432 2170 errores
447 2104 606 2190 patebant
613 2155 622 2190 ,
646 2104 798 2189 praeterii
805 2156 815 2190 ‚
839 2108 872 2170 et
885 2108 1036 2190 poterant
1051 2106 1149 2171 ctiam
1164 2105 1259 2192 plura
1272 2126 1367 2192 prae·

161 2207 262 2272 teriri.
307 2230 346 2273 ex
381 2206 576 2273 editionibus
603 2206 774 2293 Pomponii
801 2206 910 2292 Laeti,
931 2206 1112 2293 *Beroaldi,
1142 2205 1302 2275 (lata‘naei
1329 2229 1369 2274 ea

161 2331 243 2397 quae
266 2309 305 2375 ad
328 2310 424 2375 fidem
446 2309 585 2393 Aldinae
616 2309 767 2375 editionis
794 2310 1052 2376 constituendam
1079 2311 1290 2396 pertinebant
1312 2311 1369 2376 ad·
1385 2306 1402 2374 J

161 2413 283 2498 scripta
304 2416 395 2479 sunt:
418 2434 495 2478 nam
516 2412 625 2478 omnia
639 2412 777 2479 indicari
798 2434 878 2498 opus
898 2434 966 2479 non
987 2413 1061 2478 fuit.
1091 2414 1201 2501 itaque
1223 2413 1281 2479 ubi
1300 2416 1368 2480 tres
1442 2439 1445 2444 ·

162 2515 320 2581 editiones
342 2537 422 2602 quas
444 2516 511 2581 dixi
534 2537 606 2581 oum
628 2515 775 2602 principe
798 2516 1006 2601 etRomana‚
1030 2515 1175 2602 equibus
1198 2534 1369 2603 expressae

162 2620 261 2704 sunt,
292 2620 325 2682 ct
347 2619 382 2683 in
404 2621 517 2684 octavo
543 2618 626 2683 libro
659 2640 731 2683 cum
759 2618 827 2684 sola
849 2618 996 2685 Romana
1017 2619 1242 2704 consentiunt,
1275 2619 1369 2685 illum

164 2742 357 2787 consensum
378 2721 450 2806 ipso
472 2720 602 2786 silentio
624 2724 772 2786 constare
787 2721 884 2786 volui.
908 2744 1013 2807 neque
1035 2722 1069 2788 in
1091 2723 1132 2787 iis
1154 2744 1236 2808 quae
1258 2723 1309 2788 rel
1332 2723 1394 2789 in·

163 2823 311 2909 principe
334 2823 385 2889 vel
412 2824 447 2888 in
469 2823 619 2889 Romana
649 2823 789 2889 editione
818 2825 942 2889 levibus
971 2827 1004 2889 et
1034 2827 1155 2909 apertis
1183 2825 1271 2891 vitiis
1300 2847 1369 2890 cor·

163 2928 276 3011 rupta,
299 2926 334 2991 in
357 2927 459 2992 altera
481 2930 568 2992 recte
591 2930 624 2992 et
645 2928 692 2992 sic
714 2931 751 2992 ut
771 2927 841 3014 ipse
864 2927 948 2992 edidi
970 2926 1113 2992 exhibita
1135 2930 1227 3012 sunt,
1251 2927 1279 2992 si
1300 2930 1369 2993 tres

164 3027 321 3094 editiones
343 3029 548 3094 emendatam
570 3029 742 3096 lectionem
765 3033 934 3114 secuntur,
964 3030 996 3095 id
1024 3031 1071 3093 ita
1093 3052 1162 3096 esse
1189 3030 1370 3095 indicatum

165 3134 226 3196 est.
264 3131 316 3196 sin
339 3133 522 3197 communia
545 3134 711 3219 utriusque
733 3132 926 3218 exemplaris
941 3136 974 3197 et
996 3133 1031 3197 in
1047 3138 1160 3199 octavo
1173 3132 1257 3198 libro
1272 3133 1370 3198 unius

165 3231 307 3298 Romani
328 3234 409 3299 vitia
431 3235 466 3300 in
488 3235 553 3298 illis
576 3235 638 3320 sic,
652 3239 700 3300 >ut
721 3236 818 3301 verba
841 3257 926 3300 ame
942 3235 1087 3300 exhibita
1108 3239 1200 3321 sunt,
1225 3240 1371 3302 correcta

81 3357 82 3360 ¹
165 3339 275 3420 erant,
305 3335 385 3401 illud
414 3336 522 3402 addito
551 3339 706 3403 asterisco
730 3337 830 3426 (μ’-ἕ)
858 3337 1010 3404 indicavi.
1048 3340 1189 3403 ceterum
1217 3337 1371 3423 quoniam

165 3437 200 3503 in
223 3439 295 3503 istis
318 3438 513 3504 editionibus
536 3440 697 3505 communi
718 3442 814 3527 signo
837 3464 856 3515 ς
886 3463 962 3506 usus
985 3453 1073 3526 sum,
1101 3441 1157 3506 ubi
1184 3441 1261 3506 illae
1282 3441 1372 3506 inter

74 3563 76 3567 ¹
166 3563 201 3606 se
234 3541 447 3626 dissentiunt,
486 3565 557 3607 eam
588 3543 676 3607 tenui
711 3545 887 3629 rationem,
921 3547 958 3608 ut
988 3543 1177 3630 plerumque
1199 3543 1371 3629 Pomponii

165 3641 257 3709 Laeti
280 3645 474 3730 scripturam
497 3667 650 3731 ponerem
673 3667 773 3732 eaque
795 3669 876 3732 quae
903 3649 1016 3732 postea
1040 3645 1215 3711 Beroaldus
1238 3645 1290 3711 vel
1311 3643 1372 3712 Oa·

165 3749 301 3812 tanaeus
324 3750 547 3834 mutaverunt,
572 3749 786 3835 nisi‘quidem
802 3771 912 3815 eorum
928 3750 1131 3814 coniecturae
1147 3748 1277 3834 longius
1298 3770 1371 3833 pro·

137 3861 139 3865 ’
166 3853 308 3935 pagatae
331 3854 441 3936 erant,
466 3851 673 3938 neglegerem
701 3852 752 3918 vel
774 3852 961 3918 nominibus
989 3851 1160 3936 adscriptis
1181 3850 1370 3915 indicarem.

166 3973 244 4035 ergo
266 3953 295 4018 si
317 3953 452 4018 duarum
475 3955 685 4034 editionump
708 3959 741 4019 et
762 3979 781 4019 r
802 3954 853 4020 vel
876 3955 911 4019 in
933 3957 1046 4019 octavo
1068 3953 1150 4020 libro
1165 3955 1261 4019 unius
1274 3978 1294 4045 r
1309 3951 1371 4016 dis·

167 4056 334 4139 crepantia
361 4056 515 4122 adnotata
538 4062 604 4142 est,
640 4080 712 4123 cum
735 4057 796 4123 bac
819 4059 1029 4123 consentiunt
1051 4079 1085 4142 53
1109 4059 1135 4122 si
1159 4058 1254 4121 unius
1274 4081 1298 4135 p
1320 4055 1372 4120 vel
1459 4126 1463 4137 ¹

53 4146 59 4154 ’
168 4157 262 4222 unius
283 4183 302 4223 r
323 4159 542 4246 discrepantia
565 4160 720 4226 adnotata
743 4163 807 4246 est,
841 4182 913 4225 oum
937 4183 976 4225 ea
1002 4183 1083 4247 quae
1111 4159 1316 4226 emendatam
1338 4162 1373 4223 et
1450 4204 1456 4212 ·

167 4257 202 4323 in
234 4262 325 4326 textu
358 4263 535 4329 exhibitum
569 4264 741 4329 lectionem
774 4263 909 4349 praebet
931 4265 1154 4348 consentiunt3
1188 4264 1216 4328 si
1242 4261 1373 4326 illarum

168 4361 337 4446 scripturis
360 4366 487 4431 additus
511 4370 560 4432 est
583 4367 752 4431 asteriscus
777 4367 890 4454 (pr*),
921 4389 992 4431 eam
1015 4368 1209 4451 scripturum
1232 4365 1372 4451 quaein

168 4465 259 4529 textu
281 4465 425 4533 exhibita
448 4473 497 4534 est
519 4469 694 4556 praebent:
723 4492 761 4534 ea
784 4491 865 4555 quae
880 4469 1022 4555 ipsarum
1039 4469 1217 4534 editionum
1240 4467 1372 4552 propria

168 4571 245 4632 sunt
266 4572 344 4634 nota
367 4592 386 4645 ς
408 4571 538 4639 indicat.
575 4573 623 4638 ita
638 4573 725 4637 enim
740 4557 984 4638 satis'constare
999 4575 1095 4657 puto,
1119 4570 1195 4658 quid
1210 4570 1373 4655 prioribus
