2934 4966
629 311 841 365 enueua‘ao.
938 297 940 302 ’
1246 319 1337 369 xxm

1135 379 1142 404 l

130 476 264 550 scriptas
285 478 319 536 in
343 477 446 537 Gallia
463 477 639 550 dilipenler,
671 479 705 535 ut
720 471 804 545 sarcit
825 475 941 544 omelia,
965 481 995 534 et
1015 493 1070 536 scu:
1092 478 1158 537 ulia
1180 479 1338 540 uolumina

59 645 63 650 ,
130 579 329 653 epistolarum
346 581 463 656 prrrlim
485 597 579 640 naaria
592 580 724 654 scripta,
746 579 863 653 prrrtim
879 578 1177 655 impressnauidem,
1201 583 1256 641 sed
1269 599 1338 643 eum

131 682 264 756 antiquis
285 684 399 744 collata
421 683 658 759 exemplaribus,
688 682 731 741 ud
751 696 799 739 nie
820 682 885 756 ipse
911 696 969 740 sno
988 690 1110 757 sponte,
1141 698 1220 758 arrae
1244 687 1339 761 ipsius

130 791 175 845 est
195 801 270 858 erpa
297 786 449 848 studiosos
471 787 585 847 omneis
606 786 823 851 beneuolentia,
853 783 1083 860 aebrortauerit‚
1108 787 1200 861 idque
1220 788 1341 850 binenio

130 893 202 947 ante
222 903 313 963 quam
336 895 369 949 tu
390 891 488 964 ipsum
502 889 578 948 mila
590 888 750 962 exemplar
758 887 981 962 publicantium
1002 888 1191 949 tradidisses.
1214 889 1339 952 Exeunt

130 991 225 1063 ipitrrr
245 991 305 1050 bae
327 992 421 1052 Plinii
440 991 586 1067 epistolae
607 978 639 1052 in
653 1007 771 1050 ‘manus
792 992 983 1049 literatorum
1004 997 1034 1049 el
1055 997 1124 1064 lua,
1154 998 1184 1050 el
1206 991 1341 1055 Iucundi

130 1095 229 1152 nostri
250 1095 282 1153 in
304 1095 372 1155 illos
395 1095 618 1168 berienolentia,
649 1093 918 1167 ernendatissimae.
942 1091 1006 1152 Sed
1026 1095 1170 1178 quoniam
1197 1097 1338 1170 epistolas

129 1196 240 1254 decimi
259 1197 344 1272 libri,
370 1213 450 1273 quae
469 1198 645 1284 scribuntur
667 1197 711 1256 ad
736 1195 903 1255 Pruiarrum
926 1195 1163 1271 Imperatorem,
1194 1203 1265 1258 sunt
1286 1203 1341 1274 qui

129 1284 190 1357 non
222 1315 288 1362 csse
317 1300 410 1360 Plinii
434 1306 561 1375 preeunt,
587 1287 650 1360 tuni
676 1301 750 1375 auia
770 1299 861 1374 stylo,
899 1306 928 1359 el
957 1299 1110 1370 elebantia
1133 1299 1276 1361 diuersae
1297 1303 1336 1363 ab

131 1402 202 1462 aliis
238 1401 403 1477 uidentur,
449 1410 511 1464 lum
547 1404 638 1462 eliam
675 1403 748 1477 quia
783 1409 910 1477 praeter
950 1403 1108 1462 doctorum
1146 1405 1337 1465 consuetudi·
1382 1454 1384 1457 .

128 1520 211 1574 nem,
247 1501 377 1566 Domine
398 1485 481 1567 dicat
510 1506 627 1572 Plinius
655 1505 699 1564 nd
730 1502 900 1564 Traianum
933 1504 1082 1575 scribens,
1123 1522 1237 1582 operae
1260 1526 1335 1586 pre-

128 1610 204 1668 tium
230 1606 331 1681 suerit
360 1614 389 1668 el
422 1609 491 1668 illus
525 1624 545 1666 α
579 1608 720 1668 ,iucundo
757 1607 891 1682 scriptas
921 1605 1022 1679 fuisse
1055 1609 1221 1670 ostendere.
1266 1610 1337 1673 Non

128 1712 205 1771 imus
233 1711 352 1784 ireneias
377 1712 536 1786 scripsisse
563 1711 696 1772 Plinium
717 1711 797 1771 alius
822 1712 983 1786 epistolas,
1024 1717 1057 1771 ul
1083 1712 1147 1787 ipse
1173 1714 1218 1772 ait
1239 1715 1338 1790 paulo

62 1833 64 1837 ¹
128 1815 319 1882 accuratius,
356 1815 412 1875 sed
438 1823 467 1874 et
495 1813 551 1873 bras
580 1814 624 1873 ud
650 1813 833 1886 Traianum,
864 1796 958 1887 sionis
987 1814 1152 1888 dilipenter
1182 1816 1334 1892 inspiciat,
1384 1815 1386 1820 ’

127 1923 158 1976 el
179 1917 286 1977 doctus
300 1932 374 1995 esse,
397 1927 426 1976 et
441 1917 604 1991 eleaauteis
621 1917 788 1991 fatebitur,
813 1933 869 1977 nee
890 1933 910 1975 a
938 1917 1013 1992 stylo
1032 1916 1129 1976 Plinii
1148 1919 1281 1998 alienius,
1304 1920 1338 1979 id

127 2019 217 2094 quoa,
235 2037 304 2080 enne
319 2037 360 2080 en
375 2021 511 2080 cornilius
532 2022 567 2080 id
577 2037 676 2096 periers
695 2021 827 2095 epistolis
848 2021 918 2080 licet
938 2035 1133 2093 coarroseere,
1159 2027 1220 2081 turn
1236 2038 1276 2082 en
1297 2039 1336 2082 ea

127 2121 333 2196 nuanisestius‚
357 2139 434 2199 quae
453 2124 492 2182 de
507 2116 603 2183 Dione
617 2123 750 2197 picodum
764 2123 920 2196 scribitur,
938 2123 993 2198 qui
1005 2139 1128 2183 suornm
1144 2124 1289 2199 reliquias
1304 2127 1336 2184 in

127 2228 270 2302 relipioso
291 2228 358 2286 loco
367 2233 526 2302 posucrat.
550 2224 671 2286 Recital
686 2227 769 2285 enim
786 2225 828 2285 ibi
843 2220 881 2304 (f.
894 2221 929 2306 3)
947 2242 1024 2300 qaue
1039 2227 1069 2284 in
1085 2242 1180 2286 eausa
1192 2229 1334 2302 atriisque

127 2329 210 2390 dicta
222 2328 353 2404 fueraut
363 2346 395 2390 se
410 2330 519 2393 iudice.
546 2330 797 2404 qrrrrracdmodum
812 2332 843 2388 in
852 2328 1336 2406 aliisanibusdamsaeilepistolis

126 2453 193 2494 ceren
216 2436 255 2493 ele
276 2435 392 2506 causis,
419 2451 495 2508 orares
524 2436 587 2507 lpse
613 2444 734 2506 uper-ea,
766 2438 809 2491 erit
838 2436 951 2495 ‹retticcs
977 2432 1094 2492 scribit.
1140 2432 1267 2493 ,leoterius
1281 2436 1333 2500 erre*-

126 2543 184 2597 lem
204 2535 397 2612 principibus
419 2535 523 2596 dicere
544 2534 727 2612 temporibus
742 2535 852 2606 Plinii,
878 2537 939 2594 ium
954 2539 1106 2611 receptum
1125 2531 1233 2609 fuisse,
1259 2537 1337 2599 illud

125 2642 217 2699 etiam
241 2639 399 2699 Martialis
426 2639 457 2697 in
486 2638 615 2714 epistola
642 2638 716 2696 libri
742 2640 846 2698 celaui
871 2639 916 2696 ael
942 2636 1162 2711 Dorrriliauurn,
1195 2634 1333 2699 intendit.

127 2742 235 2802 (lennes
263 2742 384 2818 atridem
417 2741 514 2800 libelli
540 2741 601 2799 treci
625 2740 761 2800 meruitne.
804 2740 881 2800 Ilenr
914 2740 1007 2813 illud,
1038 2739 1181 2801 Edictum
1208 2742 1332 2815 dominii,

125 2846 233 2919 deique
255 2847 360 2905 nostri.
400 2844 475 2904 Esse
497 2851 597 2904 aridem
611 2843 707 2903 Plinii
727 2843 870 2919 epistolas
885 2843 929 2902 ad
946 2841 1129 2914 Traianum,
1154 2845 1256 2903 nrnrllis
1277 2860 1335 2901 ra-

124 2948 257 3008 tionibus
272 2946 407 3024 probari
422 2951 537 3023 potest,
562 2946 617 3006 sed
637 2945 684 3006 leis
700 2947 900 3021 potissimum.
924 2945 1075 3023 Primum,
1105 2947 1178 3021 auia
1200 2947 1232 3005 in
1255 2947 1333 3005 rereli-

123 3052 267 3127 qut'ssimo
289 3050 463 3126 succentori
490 3065 551 3108 meet
579 3067 646 3108 cum
675 3050 745 3108 aliis
768 3058 800 3109 nt
829 3067 885 3109 nos
907 3049 1125 3123 irnprinnunlas
1145 3049 1331 3120 carantanas,

115 3153 178 3214 >suro
202 3153 295 3212 Plinii
313 3152 449 3212 Secundi
469 3153 590 3212 reurreine
610 3154 746 3226 scriptae
767 3161 847 3211 sunl.
877 3152 1008 3224 bellede,
1040 3152 1114 3226 quia
1142 3152 1237 3210 Plinii
1257 3151 1336 3211 illud

125 3258 165 3316 (le
180 3255 363 3315 Oleristianis
378 3256 422 3313 ad
439 3253 618 3328 Traianum,
644 3262 673 3314 ct
694 3256 877 3329 rescriptum
903 3252 1034 3312 Troiani
1054 3270 1146 3329 samer
1168 3270 1206 3314 ea
1228 3272 1264 3312 re
1279 3253 1332 3312 ba·

123 3360 213 3420 betur
234 3361 266 3418 in
289 3374 353 3418 nnn
375 3373 415 3417 en
437 3359 548 3417 eisdem
570 3357 704 3432 epistolis
727 3357 771 3416 ad
790 3355 971 3429 Traianum,
996 3357 1082 3417 Cttt'lts
1103 3358 1151 3416 rei
1167 3355 1332 3416 Tertullia-

122 3446 198 3540 nus‘,
215 3450 387 3534 *Eusebius
417 3459 532 3520 Paulus
556 3458 679 3520 orosius
705 3461 876 3529 meminere.
913 3453 1031 3518 'deinde
1058 3457 1134 3539 post
1155 3453 1334 3540 longiorem

123 3557 377 3644 disputationem
406 3543 457 3621 de
474 3555 620 3642 epistulis
635 3555 734 3622 Plinii
758 3558 797 3621 ad
813 3556 991 3621 Traianum
1006 3556 1114 3621 Plinio
1129 3541 1333 3622 vindicandis

122 3667 156 3728 et
189 3661 228 3727 de
260 3661 392 3746 reliquis
421 3660 567 3746 liartibus
603 3660 753 3724 editionis
787 3659 821 3724 in
844 3659 909 3723 fine
938 3659 1095 3743 epistulae
1122 3659 1147 3724 f.
1172 3659 1194 3724 5
1221 3658 1334 3723 scribit

121 3773 213 3847 idque
238 3768 370 3842 fecimus
391 3769 446 3829 snb
469 3775 521 3828 ltro
544 3769 665 3827 tramine
687 3769 784 3828 Aloisi
803 3767 961 3827 lloeenice
985 3767 1178 3840 Grauissimi,
1203 3766 1334 3827 Seruatus

129 3876 236 3935 l'eneli
256 3874 370 3944 Pecus,
396 3878 428 3933 ul
450 3873 604 3947 quianon
627 3872 731 3930 solum·
746 3870 883 3931 ..ieeurrdi
908 3871 1050 3946 epistolas
1072 3871 1116 3929 ad
1136 3885 1190 3929 nos
1210 3870 1333 3929 sedulus

119 3996 138 4038 e
162 3978 265 4040 Gallia
286 3976 467 4052 reportasti,
492 3975 548 4034 sed
565 3973 772 4049 publicandas
793 3976 883 4032 eliam
905 3972 981 4031 rnilei
1001 3972 1125 4046 dedisti,
1153 3971 1222 4032 Pici
1237 3986 1331 4048 prae·
1419 3996 1423 4002 ·

119 4083 211 4158 cipue
232 4079 377 4152 debeant,
405 4066 447 4136 Te
463 4077 633 4153 plurimum
656 4083 757 4136 ament
779 4075 917 4135 Studiose·
936 4092 1036 4136 omenes
1058 4077 1097 4135 de
1117 4075 1174 4135 boc
1196 4089 1330 4134 mernere.

126 4184 214 4244 Vale.
244 4182 378 4242 l'eneliis
398 4197 499 4240 reterrse
522 4179 707 4240 Nouembri.
722 4178 766 4238 II.
784 4180 820 4238 l).
842 4176 934 4238 VIII.

207 4277 326 4345 Codice
341 4299 436 4363 quem
460 4300 479 4342 a
494 4277 639 4343 Iucunda
654 4275 836 4341 Veronensi
851 4276 887 4340 in
903 4275 1011 4342 Gallia
1025 4278 1199 4360 repertum,
1216 4274 1330 4339 deiude

120 4383 162 4448 nd
196 4405 230 4446 se
253 4381 396 4446 adlatum
423 4380 539 4446 scribit
560 4381 663 4446 Aldus
671 4433 679 4465 ,
716 4383 889 4464 antequam
922 4378 1008 4444 illius
1043 4377 1141 4444 editio
1174 4378 1328 4463 prodiret,

118 4484 468 4552 ususeratculielmus
492 4483 656 4568 Budaeus,
680 4482 785 4568 quiin
808 4483 1074 4548 annotationibus
1097 4482 1131 4546 in
1154 4481 1331 4568 pandectas

120 4613 150 4657 a.
176 4589 257 4656 1508
281 4587 421 4674 primum
445 4586 540 4653 editis
564 4608 636 4653 oum
658 4586 762 4652 multa
792 4608 830 4650 ex
852 4584 952 4650 Plinii
975 4585 1121 4671 epistulis
1143 4588 1213 4650 tum
1235 4604 1329 4670 quae-
