2934 4966
496 1301 981 1412 PRAEFATIO
1073 1413 1078 1422 ,

218 1573 395 1660 Postquam
422 1577 499 1639 ante
530 1573 590 1640 hos
623 1574 763 1640 sedecim
790 1595 894 1639 annos
922 1573 1077 1659 epistulas
1105 1576 1139 1638 et
1166 1573 1348 1641 orationem

40 1751 49 1761 ⁸
132 1676 233 1742 Plinii
260 1675 417 1743 librorum
443 1699 543 1743 mauu
575 1677 772 1763 scriptorum
805 1677 868 1742 fide
900 1676 1088 1762 recognitas
1122 1675 1224 1762 edidi,
1258 1676 1348 1747 haud

132 1783 283 1866 prompto
304 1801 384 1858 sane
407 1779 517 1846 animo
539 1779 668 1845 easdem
683 1780 874 1866 praesertim
896 1779 952 1844 diu
970 1779 1105 1844 omissas
1120 1779 1347 1846 retractandas

132 1881 269 1968 suscepi.
313 1881 370 1947 sed
409 1885 442 1947 et
465 1878 595 1968 parum
628 1883 742 1948 utilem
775 1904 846 1948 esse
876 1882 1051 1948 editionem
1079 1882 1247 1968 videbam,
1281 1883 1346 1949 nisi

131 1985 496 2081 scripturaetlibrorum
528 1986 644 2072 quibus
666 2008 748 2063 ¹usus
786 2007 889 2052 essem
922 1984 1168 2073 cognoscendae
1196 1986 1347 2054 omnibus

132 2089 226 2175 copia
245 2089 358 2174 fieret,
380 2081 611 2179 etvquaedam,
633 2110 716 2174 quae
738 2089 816 2154 olim
838 2110 903 2154 non
927 2093 1015 2155 recte
1035 2089 1253 2175 institueram,
1278 2110 1346 2156 cor·

131 2189 387 2279 rigends'esse‘·
400 2188 562 2283 intellexi.
603 2191 779 2257 accedebat
813 2195 925 2258 auctor
956 2192 1169 2278 gravissimus
1196 2191 1346 2278 idemque

131 2277 345 2361 amicissimus
360 2294 562 2361 'Theodorus‘
594 2295 775 2386 Mommsen
782 2345 796 2380 „
826 2296 881 2381 qui
916 2317 988 2360 cum
1023 2280 1210 2361 editionem*
1231 2293 1346 2365 critico

131 2401 292 2484 apparatu
315 2398 510 2464 instructam
525 2397 700 2463 desiderari
716 2398 854 2483 diceret,
876 2420 928 2464 me
951 2401 988 2464 ut
1003 2420 1075 2465 eam
1098 2420 1210 2466 curam
1230 2400 1268 2465 in
1289 2420 1342 2464 me

130 2500 307 2587 reciperem
330 2502 458 2567 monuit
483 2522 581 2587 seque
608 2501 788 2567 adiutorem
810 2502 881 2567 fore
909 2502 1016 2588 operis
1044 2502 1205 2588 promisit.
1242 2523 1343 2588 quare

130 2624 196 2668 non
210 2604 323 2690 putavi
341 2603 555 2668 dubitandum
570 2624 640 2668 esse
655 2602 736 2688 quin
751 2602 856 2669 denuo
873 2604 914 2669 ad
929 2603 1072 2670 Plinium
1088 2626 1221 2690 operam
1235 2604 1343 2670 meam

131 2709 352 2772 converterem
374 2709 407 2772 et
434 2728 502 2771 rem
525 2705 603 2770 olim
624 2705 812 2772 incohatam
839 2708 948 2794 potius
975 2729 1073 2795 quam
1099 2707 1281 2793 perfectam
1302 2707 1356 2773 ad·

130 2813 254 2876 certum
275 2810 374 2875 finem
396 2809 616 2896 perducerem.
652 2809 764 2894 itaque
794 2833 862 2876 non
890 2811 994 2876 solum
1022 2810 1243 2877 recensionem
1264 2809 1341 2876 olim

128 2912 314 2979 institutam
335 2912 510 2999 recognovi
533 2914 567 2977 et
590 2914 628 2976 ut
650 2915 798 2996 poteram
814 2913 1000 2999 emendavi,
1023 2914 1079 2978 sed
1103 2913 1202 2980 etiam
1224 2910 1343 2979 discre-

127 3019 262 3100 pantem
289 3015 484 3101 scripturam
512 3015 668 3080 librorum
696 3037 777 3100 quos
805 3017 841 3081 in
874 3016 1015 3082 lectione
1043 3016 1273 3088 constituenda
1294 3038 1342 3082 se·

129 3121 220 3184 cutus
248 3139 337 3184 eram
366 3118 480 3184 adieci.
524 3117 784 3184 emendationem
811 3118 1031 3186 Mommsenus
1059 3120 1125 3186 suis
1148 3119 1342 3186 coniecturis

127 3220 306 3286 liberaliter
327 3243 455 3287 mecum
477 3221 722 3286 communicatis
738 3221 878 3308 adiuvit,
900 3226 1075 3309 postquam
1094 3245 1184 3289 meas
1206 3223 1340 3288 schedas

127 3325 168 3390 ad
191 3346 264 3390 eum
285 3324 450 3390 miseram.
481 3324 568 3390 idem
589 3324 730 3391 indicem
753 3325 940 3410 nominum,
969 3348 1066 3411 quem
1094 3325 1172 3392 olim
1199 3325 1341 3392 subiace

126 3450 198 3494 ram
219 3428 350 3493 brevem
373 3430 407 3493 et
422 3427 462 3494 ad
477 3427 565 3493 illius
581 3426 733 3499 editionis
748 3451 842 3494 usum
858 3428 1155 3512 accommodatum,
1171 3429 1219 3494 ita
1234 3428 1337 3513 auxit,

125 3535 163 3596 ut
184 3552 407 3617 quaecumque·
426 3530 466 3595 de
486 3528 713 3595 hominibus-a
736 3529 843 3596 Plinio
864 3532 1043 3598 nominetis
1065 3536 1137 3597 tarn
1150 3531 1339 3618 aequalibus

125 3656 223 3720 quam
245 3631 481 3720 antiquioribus
503 3632 678 3698 memoriae
700 3633 831 3718 prodita
853 3639 962 3699 esseut
991 3634 1167 3718 indicaret,
1196 3633 1340 3720 exceptis

124 3740 254 3822 tamen,
276 3739 314 3802 ut
336 3758 396 3823 par
418 3739 484 3820 est,
508 3735 695 3801 nominibus
711 3758 823 3802 eorum
845 3737 901 3822 qui
924 3739 957 3802 ct
972 3737 1071 3823 vulgo
1087 3738 1157 3802 uoti
1180 3741 1213 3803 et
1234 3737 1340 3803 obiter

124 3842 255 3906 tautum
276 3863 297 3906 a
318 3839 428 3906 Plinio
455 3839 697 3904 commemorati
725 3843 849 3924 essent,
877 3841 914 3904 ut
935 3839 1166 3906 Demosthenis
1194 3842 1228 3906 et
1249 3839 1340 3906 Cice·

124 3943 213 4008 tonis
235 3946 269 4008 et
288 3943 521 4029 imperatorum
550 3941 710 4025 omnium,
739 3943 775 4006 in
804 3942 921 4026 quibus
950 3963 988 4007 ea
1015 3963 1098 4027 quse
1124 3943 1210 4027 apud
1231 3942 1338 4028 ipsum

121 4045 264 4112 Plinium
285 4046 440 4132 leguntur
461 4043 606 4110 indicare
634 4043 827 4112 sufficiebat.
849 4047 889 4110 de
911 4068 974 4131 quo
1001 4046 1154 4111 instituto
1179 4044 1235 4109 ille
1256 4043 1338 4111 haec

124 4149 165 4214 ad
186 4171 238 4214 me
260 4148 407 4234 scripsit,
436 4148 471 4212 iu
500 4145 643 4212 historia
662 4147 751 4211 illius
774 4149 891 4214 aetatis
919 4148 970 4214 vel
993 4148 1134 4214 maxime
1163 4169 1244 4233 opus
1267 4169 1337 4215 esse

122 4252 232 4319 iudice
259 4251 403 4317 uirorum
430 4249 575 4315 omnium
603 4250 658 4335 qui
688 4250 728 4314 ad
758 4273 827 4316 rem
853 4252 1018 4337 publicam
1047 4243 1261 4317 accessissent
1286 4248 1338 4315 vel

123 4355 241 4421 litteris
264 4376 397 4440 operam
419 4353 600 4437 dedissent,
623 4354 658 4418 in
681 4375 744 4439 quo
765 4355 920 4441 quidquid
948 4355 988 4421 de
1015 4355 1055 4420 iis
1077 4353 1129 4419 vel
1152 4353 1236 4440 apud
1259 4353 1336 4418 scri·

121 4462 233 4546 ptores
254 4458 306 4524 vel
328 4458 365 4524 in
386 4455 656 4544 inscriptionibus
678 4461 712 4523 et
726 4460 867 4525 nummis
882 4459 1056 4524 memoriae
1071 4458 1235 4545 proditum
1251 4460 1337 4522 esset

72 4628 76 4635 ,
122 4561 265 4630 breviter
284 4560 495 4628 indicaretur.
535 4581 599 4646 quo
619 4560 695 4648 quia
717 4561 822 4629 adhuc
838 4583 1035 4646 careremus,
1057 4584 1092 4628 se
1113 4562 1149 4627 in
1171 4561 1212 4627 iis
1233 4559 1335 4626 nomi·
