2934 4966
561 314 807 368 raunsrrucus
830 312 873 363 m.
894 311 937 362 re.
1291 297 1356 364 353

148 473 376 561 proferebant>
405 473 442 538 tu
465 471 585 556 amicos
607 494 647 539 ex
670 471 802 559 optimis
824 497 842 538 r
863 474 897 536 et
910 460 1041 536 hercule
1056 492 1195 556 aequum
1216 474 1266 537 est
1287 491 1356 537 esse

149 599 204 644 eos
226 575 408 642 carissimos
429 576 516 642 bono
538 575 699 662 principi,
729 575 784 662 qui
813 573 909 640 invisi
931 573 1017 642 malo
1039 573 1174 640 fuerint.
1211 573 1292 659 scis,
1319 577 1358 641 ut

149 684 227 747 sunt
247 678 376 746 diversa
397 684 517 746 natura
538 678 717 745 dominatio
738 680 774 744 et
787 677 1008 764 principatus,
1031 677 1079 744 ita
1101 698 1169 743 non
1191 677 1263 743 aliis
1287 699 1357 744 esse

148 782 330 869 principem
358 783 551 870 gratiorem,
589 803 686 868 quam
704 773 705 776 ¹
720 781 775 868 qui
802 780 942 846 maxime
975 780 1142 845 dominum
1169 785 1355 868 graventur.

121 885 208 951 rhos
230 907 309 973 ergo
330 883 482 973 provehis
504 889 539 952 et
552 887 698 951 ostentes
712 883 804 971 quasi
827 883 991 969 specimen
1015 886 1048 950 et
1070 883 1250 969 exemplar,
1275 906 1357 971 quae

149 988 211 1054 tibi
233 993 323 1055 secta
343 990 447 1076 vitae,
471 988 556 1076 quod
570 987 739 1054 hominum
760 1008 865 1074 genus
879 987 1025 1073 placeat3
1047 989 1080 1051 et
1101 985 1173 1051 ideo
1194 1001 1262 1051 non
1284 1007 1357 1052 ecn-

148 1115 260 1161 suram
282 1091 405 1178 adbuc,
428 1114 495 1159 non
517 1091 756 1179 praefecturam
778 1113 904 1159 morum
927 1088 1093 1177 recepisti,
1123 1089 1199 1174 quia
1220 1087 1282 1183 tibi
1304 1089 1357 1155 be·

149 1194 276 1263 neficiis
297 1195 405 1283 potius
427 1218 526 1283 quem
546 1195 697 1262 remediis
719 1194 857 1282 ingenia
877 1196 989 1260 nostra
1013 1191 1152 1279 experiri
1174 1191 1293 1278 placet.
1328 1196 1361 1258 et

151 1298 271 1385 alioqui
293 1299 404 1365 nescio
426 1320 470 1364 an
492 1297 564 1385 plus
586 1288 729 1364 molibus
752 1284 901 1364 conferat
921 1295 1074 1385 princeps
1096 1293 1152 1382 qui
1173 1284 1275 1360 tonos
1291 1317 1360 1363 esse

109 1401 287 1489 ropetitur,
312 1401 480 1489 quamqui
494 1401 593 1488 cogit.
625 1398 782 1467 flexibiles
807 1421 1043 1487 quamcumque
1065 1398 1101 1463 in
1123 1401 1250 1484 partem
1272 1398 1360 1465 duci·

152 1491 226 1571 mur
247 1527 267 1571 a
289 1504 439 1591 principe
461 1508 576 1590 atquc,
598 1508 638 1570 ut
652 1504 700 1570 ita
715 1503 837 1589 dicam,
861 1524 1015 1590 sequaces
1030 1523 1140 1569 sumus
1153 1524 1169 1578 ε,
1182 1499 1260 1567 huic
1274 1501 1361 1569 enirn

154 1608 238 1692 cari,
259 1606 335 1673 huic
357 1607 486 1693 probati
510 1629 579 1674 esse
602 1607 764 1693 cupimus,
795 1606 880 1693 quod
901 1604 1024 1671 frustra
1046 1603 1248 1690 speraverint
1269 1603 1360 1671 dissi·

152 1710 261 1784 miles;
284 1731 385 1795 eoque
407 1709 551 1795 obsequii
574 1709 823 1793 continuatione,
837 1708 1059 1795 pervenimus,
1083 1710 1120 1772 ut
1134 1728 1235 1793 prope
1249 1729 1360 1774 omnes

155 1810 325 1900 [homines]
350 1811 446 1878 unius
468 1812 612 1879 moribus
633 1813 790 1879 vivamus.
830 1833 928 1898 porro
950 1832 1017 1876 non
1039 1813 1108 1876 tem
1131 1809 1263 1876 sinistre
1286 1832 1360 1878 con·

113 1931 142 1973 1⁵
155 1916 305 1981 stitutum
327 1917 392 1998 est,
415 1917 468 1999 ut,
498 1915 553 2000 qui
575 1914 695 1980 malum
723 1913 905 2001 principem
927 1934 1114 1999 possumus,
1146 1913 1267 1979 bonum
1293 1936 1360 1980 non

154 2016 316 2105 possimus
338 2016 470 2083 imitari.
508 2017 732 2104 pergemodo,
756 2015 891 2102 Caesar,
916 2021 949 2082 ct
970 2017 1035 2082 vim
1052 2016 1264 2104 effectumque
1287 2039 1360 2085 cen·

123 2136 126 2140 ’
154 2141 249 2186 surae
264 2124 357 2186 tuum
371 2119 583 2206 propositum,
604 2119 651 2184 tui
673 2123 765 2184 ectus
779 2118 982 2185 obtinebunt.
1015 2142 1092 2185 nem
1114 2119 1182 2185 vita
1201 2120 1360 2209 principis

157 2244 293 2289 censura
306 2225 372 2307 est,
397 2225 685 2308 enque-perpetua:
709 2221 750 2287 ad
764 2221 850 2288 hanc
870 2221 1057 2309 dirigimur,
1081 2221 1219 2289 adhunc
1230 2244 1360 2290 conver-

155 2326 356 2411 timur,···nec
380 2327 447 2391 tam
469 2324 605 2412 imperio
628 2325 723 2391 nobis
745 2347 825 2411 opus
847 2329 899 2391 est
919 2346 1017 2411 quarn
1046 2326 1201 2412 exemplo.
1240 2327 1359 2414 quippe

118 2445 144 2489 ro
156 2427 296 2495 infidelis
318 2427 399 2493 recti
420 2427 578 2514 magister
599 2431 649 2494 est
670 2431 785 2495 metus.
822 2427 938 2495 melius
959 2426 1107 2495 homines
1129 2428 1284 2515 exemplis
1307 2429 1359 2497 do

157 2535 286 2616 centur,
309 2552 390 2616 quse
412 2528 448 2595 in
470 2529 583 2616 primis
605 2529 723 2623 hocin
745 2551 779 2596 se
800 2529 879 2596 boni
899 2529 1041 2616 habent,
1071 2531 1155 2617 quod
1178 2532 1361 2618 approbant

156 2657 238 2721 quac
267 2632 473 2720 praecipiunt
499 2619 570 2697 fieri
597 2653 702 2718 posse.
747 2636 779 2699 et
808 2635 880 2719 quis
912 2637 1016 2699 terror
1049 2633 1205 2700 valuisset
1232 2633 1360 2701 efficere
1369 2633 1411 2700 46

119 2760 121 2764 ’
156 2735 446 2823 quodreverentia
469 2735 517 2800 tui
540 2735 671 2801 eil'ecit?
692 2736 834 2800 obtinuit
849 2736 966 2823 aliquis
988 2739 1026 2802 ut
1039 2735 1259 2822 spectaculum
1280 2760 1360 2823 pen·

154 2839 366 2915 tomimorum
390 2837 528 2924 populus
550 2837 716 2904 Romanus
744 2837 814 2904 tolli
841 2842 1023 2924 pateretur,
1054 2839 1110 2905 sed
1131 2861 1199 2905 non
1220 2839 1362 2907 obtinuit

114 2959 143 3004 sc
156 2945 195 3007 ut
215 2939 330 3007 vellet:
367 2943 501 3027 rogatus
523 2962 557 3005 es
579 2944 620 3006 tu'
637 2941 722 3026 quod
745 2941 883 3028 cogebat
905 2942 1001 3026 aliur,
1026 2942 1194 3028 coepitque
1217 2964 1285 3008 esse
1308 2942 1360 3008 be·

155 3043 308 3111 nefieium
331 3042 416 3129 quod
443 3043 619 3108 necessitas
646 3044 762 3109 lueret.
807 3067 912 3132 neque
934 3046 1022 3111 enim
1044 3069 1063 3109 a
1085 3048 1117 3110 te
1139 3042 1263 3111 minore
1287 3066 1361 3111 con·

132 3199 145 3224 ,,
158 3151 256 3213 centu
287 3149 323 3211 ut
350 3145 479 3210 tolleres
508 3145 725 3230 pantomimos
753 3168 850 3231 quam
873 3169 893 3210 a
920 3151 1013 3232 patre
1041 3151 1096 3212 tuo
1118 3151 1154 3212 ut
1176 3148 1361 3214 restitueret

115 3263 120 3274 ’
157 3253 308 3316 exactum
335 3250 395 3313 est.
441 3252 611 3335 utrumque
639 3253 742 3315 reete:
769 3271 847 3315 nam
874 3254 908 3315 et
935 3251 1063 3316 restitui
1090 3251 1261 3336 oportebat
1282 3272 1361 3337 quos

157 3352 335 3420 sustulerat
356 3349 465 3415 malus»
481 3350 633 3436 princeps
655 3353 688 3416 et
711 3350 780 3416 tolli
802 3351 978 3420 restitutos.
1008 3353 1044 3418 in
1065 3353 1105 3419 iis
1128 3353 1215 3421 enim
1237 3375 1319 3440 quae
1342 3361 1377 3418 a

110 3479 140 3520 so
157 3455 254 3522 malis
276 3455 358 3518 bene
375 3453 465 3535 ,fiunt
486 3451 539 3517 hic
561 3453 726 3519 tenendus.
744 3457 793 3519 est
808 3452 937 3540 modus,
960 3458 998 3521 ut
1020 3460 1184 3540 appareat
1198 3459 1376 3526 auctorem
1405 3464 1409 3471 '
1452 3464 1455 3469 ’

158 3557 379 3644 displicuisse,
416 3577 483 3621 non
515 3555 649 3621 iactum.
697 3554 783 3621 idem
812 3579 890 3644 ergo
917 3559 1056 3644 populus
1086 3558 1157 3643 ille,
1188 3558 1362 3645 aliquando

231 3871 242 3920 l
263 3868 381 3919 amicum
402 3865 417 3930 β
534 3881 567 3915 ex
586 3867 699 3931 optimis
717 3871 746 3918 et
764 3865 805 3932 (et
823 3871 856 3922 ol.
874 3886 943 3919 man.
961 3871 1022 3920 add.
1042 3870 1070 3930 b)
1089 3869 1203 3920 hercule
1221 3870 1311 3919 ssed
1328 3883 1361 3919 ex

160 3937 271 4004 optimis
291 3936 361 4001 legis
375 3944 403 3985 et
422 3934 533 3985 hercule
551 3935 705 3987 Coronaeus.
723 3938 838 3997 fortusse
858 3953 891 3987 ex
910 3940 1022 4003 optimis
1041 3939 1125 3991 sumis
1145 3944 1172 3986 et
1189 3936 1302 3987 hercule

159 4011 175 4058 2
195 4009 267 4057 bono
285 4005 405 4070 principi
425 4004 506 4054 cru.d
576 4003 660 4054 inuisi
679 4005 751 4054 malo
771 4021 787 4060 ς
809 4007 893 4054 inuisi
915 4007 942 4054 in
962 4006 1033 4056 mulo
1052 3994 1072 4055 Β
1092 4008 1180 4055 minus
1199 4007 1222 4055 si
1241 4007 1268 4055 iu
1289 4003 1360 4054 malo

160 4078 177 4126 d
197 4073 365 4126 formidolosi
386 4071 456 4122 mulo
468 4073 497 4122 Δ
514 4071 603 4122 odiosi
623 4073 727 4122 maloc
848 4082 880 4124 ut
899 4087 961 4124 suut
984 4076 1095 4124 diuersa
1118 4077 1203 4125 rodem
1227 4074 1361 4123 Parisinus

160 4145 302 4196 Schwarzii
320 4150 346 4192 et
364 4142 494 4191 Livineius
512 4147 543 4190 ut
561 4141 617 4190 sint
634 4140 745 4191 diuersa
762 4143 826 4192 And
843 4147 874 4191 ut
892 4144 965 4192 sieut
982 4143 1095 4192 diuersa
1112 4143 1156 4197 nc
1241 4145 1258 4192 4
1275 4140 1362 4192 domi·

160 4229 226 4264 num
244 4216 392 4277 mouentur
409 4210 452 4258 Ed
470 4210 580 4259 domino
600 4219 750 4275 gradentur
767 4225 781 4259 c
799 4209 918 4261 dominio
938 4212 1130 4277 grauenturA
1216 4213 1231 4261 7
1250 4206 1312 4276 tibi]
1332 4215 1361 4258 tu

159 4283 177 4331 b
248 4285 280 4333 10
299 4281 345 4346 qui
364 4279 435 4342 tegit
451 4278 472 4327 B
554 4278 679 4329 ducimur
696 4279 764 4328 nno
782 4279 899 4329 dicimur
920 4296 988 4331 corr.
1009 4279 1134 4330 ducimur
1152 4280 1176 4329 Δ
1193 4278 1330 4328 ducuntur
1347 4292 1361 4327 c

231 4352 262 4414 12
281 4348 457 4415 sperauerint
474 4348 560 4397 codem
577 4348 712 4398 Parisinus
730 4347 871 4399 Sclercnrrii
887 4358 912 4398 et
931 4350 1056 4399 Gruterus
1073 4352 1257 4412 sperauerunt
1273 4346 1362 4395 Aser

249 4422 280 4470 14
298 4418 424 4469 homines
449 4417 540 4466 delerit
566 4417 596 4469 G.
614 4417 651 4467 H.
671 4417 828 4479 Sclrneserue
916 4420 945 4468 17
966 4416 1156 4478 reliuebuutss
1244 4417 1276 4465 19
1294 4430 1361 4480 opus

162 4488 283 4551 quaml
363 4487 396 4536 22
416 4485 840 4550 praecipiunturolieumannus
926 4488 959 4536 23
977 4481 1082 4552 effecit]
1103 4482 1363 4534 eflicitcelricitur

161 4556 178 4604 d
245 4552 645 4622 2butnelletllutucletb
731 4556 764 4605 26
783 4559 918 4604 concentu
936 4554 979 4610 Βς
1003 4560 1132 4604 contentu
1149 4551 1213 4603 Acd
1281 4553 1361 4604 eoin

160 4623 205 4674 his
221 4623 264 4672 Bd
332 4627 525 4676 structorem
544 4637 597 4672 nou
616 4622 794 4691 displicuisse
813 4623 915 4674 sectum
934 4622 978 4680 Βς

212 4710 280 4750 Pnnvr
292 4718 363 4750 mar.
376 4717 416 4757 nn.
429 4707 498 4748 Kme
1135 4708 1178 4757 <a
