2934 4966
152 305 205 354 x11
241 367 242 371 Ἰ
649 299 859 351 amrelmo.
948 287 951 290 ’

66 465 68 469 ’
158 456 279 525 ‘Codex
299 457 355 524 hio
376 457 516 542 scriptus
539 459 588 522 ost
610 476 697 521 anno
720 453 969 539 DOOOOLIIII,
998 458 1035 521 ut
1060 455 1097 521 in
1119 453 1236 522 Codice
1259 476 1358 534 manu

155 559 639 646 contemporaneaadnotutum
661 561 726 642 est,
755 560 788 623 et
816 556 941 622 librarii
967 556 1059 623 fuere
1081 556 1259 624 Gulielmus
1282 554 1362 622 Sub·

157 663 314 729 diaconus
342 665 375 727 et
400 661 491 728 Elias
519 659 766 728 subdiaconus?
794 659 910 744 lnitio,
944 659 1051 725 medio
1073 663 1106 726 et
1126 659 1192 724 fine
1218 658 1362 743 mutilus,

154 764 211 831 sed
232 764 540 849 praestantissimus.
578 761 717 829 Constat
738 761 830 828 foliis
848 762 978 848 scriptis
1002 762 1087 828 191⁹.
1110 765 1279 847 praeterea
1300 760 1363 826 Lu·

154 867 288 932 domtus
310 865 350 932 de
371 866 433 932 Ian
454 865 535 930 mihi
555 864 703 931 namarit
724 885 770 950 se,
795 886 909 931 cuma.
928 864 1011 930 1829
1033 865 1174 955 codicem
1196 865 1362 948 tractaret,

153 969 307 1054 epistulas
331 970 368 1034 iu
396 971 541 1034 extrema
567 971 661 1053 parte
693 967 810 1034 codicis
843 967 981 1053 scriptas
1010 967 1151 1050 vidisse„
1182 966 1253 1052 ipse
1289 973 1361 1031 curn

153 1071 347 1137 annulata
375 1069 414 1136 de
437 1070 536 1136 Plinii
564 1067 711 1156 epistulis
733 1070 769 1137 in
793 1068 1010 1136 Riocardiana
1038 1068 1237 1135 bibliotheca
1264 1090 1360 1154 quae·

156 1194 277 1257 rerem,
301 1172 381 1240 folia
404 1175 478 1256 173,
501 1174 533 1238 in
558 1173 674 1263 quibus
690 1173 849 1239 naturalis
865 1172 1019 1238 historiae
1034 1171 1110 1238 libri
1125 1172 1240 1258 scripti
1256 1174 1360 1255 crant,

68 1361 70 1365 ,
154 1275 191 1341 in
212 1274 322 1341 codice
335 1274 449 1341 relicta
472 1296 558 1360 esse,
581 1275 638 1341 sed
659 1275 695 1341 in
718 1275 782 1343 fine
798 1274 976 1361 complures
991 1275 1252 1341 membranarum
1266 1274 1362 1340 fasci·

155 1377 242 1445 culos
264 1377 388 1443 excisos
410 1377 490 1463 vidi,
513 1399 617 1464 neque
632 1377 671 1444 de
687 1377 834 1462 epistulis
849 1377 1022 1463 quicquam
1043 1376 1222 1444 indicatum
1237 1377 1359 1443 inveni.

152 1479 341 1547 Detlefseno
364 1482 473 1545 autem
495 1483 626 1546 auctore
648 1478 671 1545 l.
695 1500 723 1546 c.
745 1480 867 1566 pato
894 1501 982 1546 anno
1005 1480 1089 1547 1832
1117 1488 1251 1565 capara
1275 1477 1361 1544 codi-

153 1582 207 1662 cis,
232 1582 354 1670 inqua
376 1582 533 1667 epistulae
554 1584 696 1668 scriptae
724 1586 834 1668 erant,
857 1605 924 1649 una
946 1605 1019 1649 curn
1041 1583 1113 1648 aliis
1135 1581 1300 1648 codicibus
1323 1602 1362 1646 ex

151 1683 368 1752 Riccardiana
396 1685 592 1752 bibliotheca
619 1685 707 1752 furto
740 1685 876 1771 abrepta
910 1707 980 1752 esse
1008 1686 1136 1751 dicitur.
1166 1687 1360 1773 scripturas

150 1787 268 1854 codicis
290 1787 368 1855 olim
390 1811 410 1854 a
433 1788 531 1855 Gorio
558 1788 748 1854 Florentino
761 1793 979 1874 ¹excerptasa
1006 1788 1164 1855 Dorvillio
1191 1794 1362 1876 acceperat

99 1884 101 1889 ’
156 1889 301 1976 Curtius,
332 1914 371 1958 ex
395 1892 485 1958 cuius
508 1892 650 1959 editione
678 1914 897 1980 quaecumque
924 1891 1027 1958 relata
1054 1891 1165 1958 inveni
1192 1891 1228 1956 in
1255 1914 1361 1957 meam

153 1993 398 2061 adnotationem
419 1996 537 2082 recepi.
576 1996 766 2063 continebat
781 1999 889 2062 autem
902 1995 1137 2062 Riccardiauus
1161 1993 1260 2061 codex
1281 1998 1360 2081 tum,

76 2151 81 2157 .
150 2115 223 2161 cum
252 2095 370 2163 Gorius
404 2119 441 2164 eo
468 2098 638 2183 utebatur,
675 2099 804 2164 easdem
833 2097 989 2184 epistulas
1017 2119 1099 2183 quae
1126 2097 1163 2164 in
1190 2097 1359 2163 Marciano

149 2199 291 2284 scriptae
312 2203 390 2265 suut
412 2201 505 2286 (uam
527 2201 668 2286 epistula
689 2200 757 2267 IIII
778 2201 821 2267 26
843 2201 878 2266 iu
900 2199 961 2267 hoo
983 2222 1109 2286 quoque
1124 2203 1242 2269 omissa
1257 2199 1359 2286 erat);

66 2300 69 2306 ’
150 2301 265 2379 ultima
286 2303 397 2367 tamen
420 2302 560 2389 epistula
581 2303 617 2368 in
631 2303 698 2370 fine
713 2303 884 2388 mutilata,
908 2303 947 2370 de
970 2325 1033 2389 quo
1054 2303 1136 2370 haec
1157 2302 1268 2369 scribit
1283 2302 1359 2370 Cor-

150 2403 215 2468 tius
237 2403 273 2470 in
295 2425 346 2489 ep.
370 2403 401 2469 V
423 2405 453 2489 6,
475 2404 624 2490 32,.‘sed
647 2406 683 2472 in
705 2406 803 2472 verbo
821 2418 970 2488 pererrat
991 2406 1038 2493 (p.
1064 2407 1141 2489 128,
1163 2405 1222 2489 26)
1251 2404 1361 2470 deficit

150 2505 269 2591 probus
300 2505 357 2572 ille
378 2505 612 2574 Riccardiauus
646 2508 761 2594 codex,
795 2509 928 2596 reliquis
960 2510 1080 2576 iniuria
1102 2513 1284 2593 temporum
1307 2508 1360 2574 de·

150 2607 297 2694 perditis.
333 2609 442 2696 itaque
464 2609 532 2676 eius
554 2611 708 2698 suffragio
730 2612 766 2677 in
787 2615 952 2698 posterum
974 2613 1022 2678 uti
1044 2633 1113 2678 non
1135 2610 1262 2696 licebit,
1292 2611 1357 2677 nisi

52 2712 54 2715 ’
149 2711 185 2776 iu
206 2711 312 2778 titulis
333 2711 556 2799 Epistolarum
576 2712 672 2780 huius
694 2713 765 2780 Lib.
789 2713 830 2780 V.
853 2715 898 2780 Hi
921 2715 1024 2797 enim,
1054 2714 1130 2800 quia
1151 2713 1211 2779 sub
1228 2712 1359 2779 initium

77 2823 81 2829 '
152 2813 304 2901 cuiusque
326 2815 401 2881 libri
422 2817 679 2902 perscribuntur,
702 2817 823 2883 seruati
845 2820 950 2883 sunt’.
980 2817 1212 2903 sedquoniam
1233 2816 1358 2883 indices

151 2916 362 3003 epistularum
393 2919 430 2985 in
455 2919 551 2986 initio
582 2919 739 2986 librorum
766 2920 895 3007 scripti,
928 2920 965 2985 in
992 2920 1107 3005 quibus
1129 2920 1359 3004 inscriptiones

151 3041 224 3085 cum
244 3020 358 3106 primis
380 3021 487 3087 verbis
509 3021 774 3108 uniuscuiusque
796 3021 955 3108 epistulae
986 3011 1118 3106 positae
1136 3026 1244 3106 eraut,
1273 3021 1357 3087 sicut

42 3143 53 3191 ἱ
150 3125 184 3188 et
215 3121 277 3188 hoo
304 3121 376 3187 loco
403 3126 437 3188 et
465 3124 538 3190 aliis
559 3124 706 3210 pluribus
728 3123 855 3192 Curtius
884 3124 1026 3208 iudicat,
1062 3147 1162 3211 usque
1195 3124 1237 3190 ad
1258 3124 1358 3189 finem

89 3257 93 3263 ·
151 3227 237 3291 certe
259 3224 365 3311 quinti
387 3225 462 3291 libri
484 3226 631 3312 perducti
653 3230 765 3311 eraut,
794 3227 862 3292 veri
892 3226 996 3292 simile
1025 3230 1074 3292 est
1096 3227 1237 3313 quinque
1258 3226 1358 3292 libros

150 3327 296 3414 integros
329 3326 407 3393 olim
438 3327 475 3393 in
504 3327 612 3395 codice
633 3329 743 3394 fuisse.
777 3328 876 3395 immo
909 3329 937 3394 si
960 3329 1118 3396 credimus
1140 3329 1357 3415 inscriptioni,

150 3452 246 3517 quam
267 3427 405 3517 Rigolus
437 3430 474 3497 in
495 3430 711 3517 descriptione
745 3431 863 3498 codicis
891 3433 1014 3519 posuit,
1049 3441 1079 3499 0.
1109 3439 1204 3500 Plinii
1224 3436 1362 3499 Secundi

149 3540 351 3616 epistularum
372 3540 446 3600 libri
464 3556 591 3601 numero
613 3540 733 3618 decem,
756 3557 951 3621 quamquam
973 3533 1085 3600 dubito
1108 3558 1187 3601 num
1209 3535 1289 3600 baec
1311 3535 1359 3600 ita

150 3659 171 3701 a
192 3641 300 3703 vetere
320 3636 454 3704 librario
477 3637 598 3723 scripta
620 3637 703 3722 siut,
732 3659 800 3703 nou
822 3638 925 3703 solum
947 3637 1089 3723 quinque
1110 3637 1185 3703 libri
1209 3638 1264 3702 sed
1286 3637 1359 3703 reli-

60 3744 63 3748 ’
150 3739 205 3824 qui
232 3739 331 3805 etiam
360 3762 432 3806 oum
459 3740 531 3826 ipso
558 3738 641 3805 libro
669 3739 879 3824 epistularum
901 3739 1001 3805 Plinii
1030 3742 1063 3804 et
1084 3739 1217 3805 Traiani
1246 3739 1359 3824 scripti

149 3839 292 3908 fuerunt.
330 3843 420 3928 atqui
441 3843 621 3928 scripturae
644 3842 774 3926 codicis,
798 3843 837 3908 de
852 3843 969 3929 quibus
985 3841 1113 3909 Cottius
1128 3843 1263 3928 rettulit,
1280 3866 1372 3929 pau-¹

151 3944 197 4010 cis
224 3945 367 4031 exceptis
397 3967 470 4011 cum
496 3943 664 4011 Marciano
695 3944 804 4011 codice
836 3945 935 4032 plane
963 3945 1183 4011 consentiunt.
1228 3967 1267 4012 ex
1295 3968 1358 4031 quo

150 4051 266 4133 parata
288 4069 367 4114 sane
383 4048 570 4114 coniectura
586 4050 635 4113 est
657 4050 694 4112 ut
708 4047 795 4114 hunc
818 4070 857 4114 ex
878 4049 949 4135 ipso
965 4046 1196 4131 Riocardiano,
1221 4048 1359 4115 simodo

150 4149 178 4214 is
201 4153 309 4217 aetate
330 4152 476 4236 superior
497 4150 578 4232 fuit,
601 4153 687 4235 tum,
713 4172 785 4216 cum
806 4151 937 4238 integra
960 4155 1029 4217 erat
1048 4155 1139 4216 sexta
1161 4151 1237 4217 libri
1252 4152 1358 4238 quinti

150 4252 305 4338 epistula,
329 4254 526 4340 descriptum
550 4274 619 4318 esse
642 4252 773 4339 eiusque
796 4253 959 4320 defectum
982 4276 1112 4319 oausam
1126 4254 1227 4320 fuisse
1249 4254 1357 4319 existi-

149 4377 290 4441 memus,
313 4377 370 4423 cur
391 4355 514 4442 reliqua
537 4357 572 4420 in
594 4355 761 4423 Marciano
785 4357 893 4424 codice
920 4358 1156 4426 omitterentur.
1192 4381 1270 4424 nam
1290 4357 1357 4444 epi·

82 4478 111 4542 j
150 4456 269 4524 atulam
292 4481 418 4544 quoque
441 4458 590 4543 111126,
625 4481 707 4545 quae
738 4460 775 4527 in
807 4464 945 4546 utroque
966 4460 1050 4525 libro
1072 4460 1190 4526 omissa
1224 4464 1288 4545 est,
1321 4462 1357 4525 in

150 4557 366 4630 Riocardiauo
398 4583 466 4630 uon
498 4562 632 4631 consilio
659 4564 828 4652 reiectam,
862 4563 919 4630 sed
947 4585 1037 4637 casu,
1049 4564 1258 4649 praeteritam
1287 4585 1357 4632 esse
