2934 4966
162 252 228 314 490
712 268 825 318 mnus

185 428 225 485 23
241 427 283 485 ad.
299 446 323 484 a.
340 427 379 484 81
397 429 472 502 Sept.
492 431 539 486 13.
570 431 754 487 Patreuieun·
800 429 854 500 (sic
868 425 898 498 4,
917 434 963 499 22,
983 435 1012 487 4.
1030 427 1064 500 7,
1088 435 1133 501 31,
1156 435 1187 490 4.
1208 431 1246 488 P.
1269 435 1301 488 3.
1324 434 1375 494 35,-

185 523 275 569 secrat
290 513 324 570 Ρ.
343 518 387 569 11.
419 513 543 572 Edictum
563 517 597 573 de
623 518 753 575 ululatori·
800 514 886 570 derra
897 517 963 589 imp.
978 510 1009 585 4,
1028 519 1074 585 17,
1095 518 1131 572 3.·
1150 513 1287 586 uersas,
1305 519 1331 586 9,
1348 523 1372 572 2.

183 598 236 654 bus
261 599 297 657 P.
323 604 362 654 35
390 594 447 675 [cf.
474 601 595 660 Sueten.
624 604 680 662 ru.
706 597 752 681 3].
799 599 927 671 Ρ.7.3),
942 609 1140 675 postmortem
1154 617 1255 659 minvs
1270 618 1374 660 areuna

183 682 323 758 Epistulae
345 685 454 741 eiusad
475 687 705 745 Lacedaemonios
725 699 754 744 et
801 682 899 756 (sic4,
917 688 961 756 11,
980 691 1028 743 14.
1042 683 1073 757 5,
1090 690 1117 756 3,
1131 692 1161 744 5.
1179 684 1211 757 7,
1228 691 1279 757 33,
1297 692 1324 746 s.
1342 688 1372 744 T.

183 769 217 824 ad
224 769 344 826 Achaeos
360 769 395 826 de
408 770 501 828 liberis
513 776 647 848 expositis
656 775 688 830 Τ.
703 778 753 830 65.
803 776 852 826 53.
867 771 903 827 Ρ.
921 774 948 827 7.
965 775 1015 828 33.
1031 775 1078 831 39.
1094 771 1158 843 99),
1180 770 1330 846 imperavit
1343 773 1373 829 ab

183 854 329 912 Domitiani
344 858 422 913 amici
438 875 499 914 eum
516 855 660 931 timentsl,
683 864 709 930 9,
724 864 752 915 2.
801 874 825 911 a.
848 856 888 913 96
915 855 993 931 Sept.
1020 855 1060 914 18
1084 855 1118 912 ad
1137 873 1162 911 a.
1187 857 1228 914 98
1257 874 1298 914 m.
1322 857 1371 915 lan

183 939 365 998 Consecratur
378 943 413 1000 P.
432 947 477 1000 11.
802 940 859 996 Sub
874 939 1027 998 liomitiauo
1049 943 1121 1011 dicta
1142 959 1157 997 a
1173 940 1268 998 Plinio
1291 946 1320 1001 in
1334 961 1373 1000 se·

163 1019 243 1102 [ine.
280 1022 414 1106 cassan]
452 1044 646 1087 nourrran‘vs
684 1023 753 1106 [sv·
800 1036 866 1081 natu
886 1043 911 1082 a.
926 1027 967 1084 93
983 1027 1074 1083 nudat
1096 1025 1128 1098 7,
1149 1030 1203 1098 33,
1221 1029 1250 1087 9.
1289 1027 1373 1104 lmpe·

183 1129 304 1171 ovsrvs
320 1110 549 1192 ennarasicvsl
566 1119 708 1189 imperarit
719 1116 753 1170 ab
800 1121 892 1167 nature
912 1111 986 1169 iacto
1002 1130 1036 1170 eo
1058 1112 1172 1170 libertas
1193 1111 1308 1170 reddita
1327 1131 1372 1189 po·

182 1217 207 1254 a.
223 1199 264 1256 31
280 1198 357 1273 Sept.
381 1200 420 1256 14
436 1199 469 1255 ad
489 1216 512 1255 a.
535 1201 576 1258 96
598 1203 675 1275 Sept.
699 1201 748 1260 18.
798 1197 865 1270 pulo
894 1196 1077 1271 llomano9,
1104 1203 1156 1268 13,
1188 1203 1224 1263 4,·
1264 1193 1371 1277 [Tatii.

181 1284 272 1339 litum
287 1285 479 1360 imperatorem
495 1288 647 1342 timuerunt
660 1286 752 1343 llomi·
798 1284 869 1356 Apr.
879 1285 913 1346 3,·
927 1283 1052 1341 Henzen
1061 1277 1209 1360 6.5436].
1222 1283 1372 1360 Imperator

92 1394 96 1399 ·
183 1370 249 1425 tiani
276 1373 354 1426 amici
369 1367 400 1431 4.
422 1374 448 1440 9,
468 1375 494 1426 2.
535 1371 627 1427 'litum
653 1388 751 1428 conse·
799 1368 892 1424 exules
906 1367 1056 1443 plerosque
1070 1387 1085 1425 a
1099 1367 1259 1426 Domitiano
1275 1374 1306 1426 iu
1320 1373 1370 1426 eri·

42 4634 101 4664 ha.

181 1463 239 1509 crat
259 1454 295 1512 P.
313 1460 356 1510 11.
386 1455 525 1531 Epistulae
546 1458 605 1512 eius
625 1455 658 1512 ad
673 1456 751 1512 llini-
799 1453 865 1509 lium
880 1462 957 1509 actos
978 1454 1102 1511 restituit
1120 1453 1156 1525 1,
1175 1461 1208 1526 5,
1228 1461 1279 1516 16.
1295 1453 1330 1527 4,
1345 1461 1369 1526 9,

180 1541 252 1595 cium
273 1539 373 1596 llnlum
394 1542 590 1614 proconsulem
610 1542 752 1615 Bithyniae
802 1543 835 1602 2‚·
851 1533 990 1615 [111on
1007 1544 1032 1595 1.
1051 1544 1085 1606 2;
1117 1539 1297 1613 Zonnr.11,
1321 1546 1370 1603 21,-

180 1623 215 1680 de
230 1628 411 1700 agnoscendis
426 1626 519 1682 liberis
530 1627 560 1683 T.
571 1631 625 1697 723
641 1628 674 1683 ad
689 1629 752 1683 bvi·
800 1625 946 1682 Eusebius
970 1627 1011 1681 ad
1036 1644 1065 1686 α.
1086 1627 1158 1686 Abr.
1178 1622 1289 1705 2113];
1314 1625 1368 1683 aliis

183 1710 258 1767 dium
279 1711 422 1786 Nigrinum
447 1719 475 1766 et
492 1715 649 1768 Armenium
668 1713 752 1769 Broc·
799 1709 873 1765 exilii
892 1709 985 1766 locum
1006 1710 1225 1768 commodiorem
1246 1709 1367 1769 concedi

181 1797 261 1852 elium
287 1797 468 1870 proconsules
499 1796 534 1854 de
554 1798 648 1855 liberis
667 1815 752 1873 erpo·
797 1791 891 1867 4,11,
915 1800 963 1856 14.
999 1793 1124 1853 Edictum
1138 1798 1174 1853 de
1199 1797 1366 1855 delatoribus

164 1881 242 1936 'sitis
266 1883 299 1938 Τ.
317 1887 366 1941 65.
391 1887 447 1946 66.·
468 1883 501 1938 ad
517 1883 547 1939 L.
563 1885 681 1958 Appium
696 1884 751 1940 lla·
797 1880 832 1940 P.
854 1887 892 1936 35
916 1874 974 1958 [cf.
994 1882 1049 1939 Dio
1069 1876 1188 1959 68,1].
1224 1882 1368 1940 Conllrmat

181 1967 281 2022 nimum
308 1976 336 2023 et
357 1967 516 2024 Terentium
542 1969 686 2026 llaaimum
716 1969 750 2024 de
798 1965 928 2022 beneficia
962 1966 1024 2022 data
1052 1986 1068 2024 a
1094 1967 1255 2026 Domitiano
1283 1967 1366 2026 edicto

182 2051 271 2108 l'lario
287 2053 425 2127 Archippo
450 2054 482 2113 Τ.
505 2058 554 2114 53.
577 2059 628 2114 66.
659 2056 751 2111 Vesta·
801 2052 984 2126 epistulisque
1012 2053 1044 2114 T.
1066 2057 1116 2110 53.
1160 2056 1233 2128 Agri
1257 2071 1291 2111 ex
1314 2052 1366 2110 eius

181 2137 222 2193 les
237 2137 369 2212 quaedam
383 2139 456 2213 apud
477 2156 540 2195 eum
561 2141 659 2197 incesti
675 2157 753 2196 accu·
800 2137 964 2214 liberalitate
983 2143 1067 2213 empti
1086 2140 1314 2215 pauperibusque
1331 2138 1367 2194 di·

181 2221 406 2296 3616669041,
430 2229 478 2287 11;
512 2219 646 2301 [Sueten.
667 2227 752 2284 Dum.
800 2223 850 2278 risi
867 2221 899 2294 7,
915 2226 961 2293 31,
979 2229 1015 2287 4,·
1043 2217 1112 2302 [Dio
1127 2224 1179 2295 63,
1199 2219 1245 2303 2].
1276 2226 1367 2284 Civita-

180 2311 216 2372 3,·
234 2310 290 2366 Dio
304 2306 357 2381 67,
378 2316 413 2374 3,·
440 2310 639 2368 Philostratus
656 2314 752 2385 Apuli.
800 2317 856 2365 tem
875 2308 1020 2365 llomauam
1044 2309 1151 2385 adeptis
1172 2313 1366 2386 cognationum

182 2391 212 2465 7,
230 2399 248 2450 6
255 2419 265 2460 ,·
279 2395 424 2452 Eusebius
444 2399 485 2453 ad
504 2416 533 2454 α.
554 2400 625 2456 Aba.
648 2391 753 2474 2166].
798 2396 859 2450 iura
877 2395 1002 2451 restituit
1020 2394 1056 2454 P.
1083 2399 1134 2453 31.
1154 2399 1205 2457 38.
1253 2396 1367 2454 Victoria

179 2479 335 2537 Delationes
369 2481 668 2557 condemnationesque
697 2484 750 2539 sub
798 2479 952 2537 Pannonica
971 2481 1007 2538 P.
1028 2485 1058 2543 3.
1092 2479 1241 2539 l'raiauum
1261 2481 1368 2558 adoptat

180 2581 214 2622 eo
229 2563 258 2638 1,
275 2572 303 2636 5,
321 2570 347 2628 1.-
365 2573 394 2625 s.
412 2572 460 2625 11.
487 2565 518 2638 3,
542 2572 568 2639 a,
586 2573 631 2625 ar.
653 2573 702 2625 aa.
717 2565 747 2639 4,
798 2566 1077 2626 16661666.
1120 2566 1230 2624 Plinius
1251 2570 1278 2625 n
1298 2584 1367 2626 com·

180 2654 206 2722 9,
224 2655 252 2709 2.
270 2655 315 2724 22,
333 2659 363 2714 5.
379 2650 409 2724 9,
427 2657 471 2724 13,
491 2657 517 2713 2.
545 2654 653 2710 llelatus
668 2655 748 2710 etiam
797 2650 941 2707 ruendatur
955 2668 970 2707 a
982 2651 1102 2708 Corellio
1116 2651 1188 2708 llulo
1199 2650 1234 2726 4,
1247 2659 1293 2725 17,
1310 2657 1327 2710 3
1342 2661 1367 2708 et

178 2736 284 2793 Plinius
308 2735 403 2811 7,27,
423 2744 471 2796 14.
507 2738 639 2796 ludicium
660 2739 695 2795 de
715 2756 748 2796 eo
797 2737 830 2790 ab
851 2753 885 2792 eu
906 2746 1087 2811 promovetur
1111 2739 1148 2796 P.
1170 2741 1221 2798 96.
1268 2739 1366 2797 (leuant

179 2823 290 2880 Corellii
305 2823 365 2879 llnb
384 2823 415 2891 1,
434 2829 478 2895 12,
507 2830 534 2881 6.
551 2830 581 2882 3.
610 2824 749 2899 Epistulas
797 2821 868 2896 apud
890 2839 953 2878 eum
978 2821 1115 2880 Fabricius
1138 2823 1257 2882 Veiento
1280 2834 1309 2882 et
1328 2825 1367 2882 lu·

179 2910 238 2964 eius
273 2908 359 2966 Nerva
393 2920 465 2966 ratas
505 2927 567 2968 esse
603 2913 679 2968 iubet
716 2912 748 2971 T.
796 2910 857 2964 nius
887 2906 1071 2983 nanicuse,
1095 2914 1145 2981 22,
1171 2917 1203 2973 4.
1249 2911 1366 2969 Carmina

180 2998 219 3050 53
233 2999 286 3069 fin.
797 2996 855 3050 eius
870 2989 902 3067 5,
918 2998 945 3065 3,
963 3001 992 3056 5.
1020 2996 1113 3072 Nuper
1128 3008 1259 3055 mortuus
1274 2995 1310 3072 2,
1325 3001 1365 3069 13,

157 3097 223 3138 rur.
257 3099 363 3142 naurs
398 3076 533 3161 [causan
567 3078 748 3162 avorsa-vs]
796 3081 873 3154 801.
893 3083 923 3142 T.
941 3087 971 3143 4.
1001 3081 1185 3141 Consecratur
1206 3087 1242 3149 P.
1261 3091 1308 3146 11.
1323 3089 1366 3144 39.

649 3304 878 3314 n———u——a-

579 3439 942 3594 eurvini.

155 3774 321 3833 llbascantus
337 3793 361 3830 v.
377 3772 407 3831 L.
424 3776 541 3832 Satrius.
774 3767 832 3852 [6.]
850 3791 976 3835 uerutus
992 3793 1102 3836 serve.
1136 3776 1280 3847 Quaestor
1294 3796 1363 3855 pros.

156 3855 215 3939 [t.]
233 3864 329 3919 Accius
346 3868 426 3934 poeta
442 3857 472 3928 5,
489 3865 515 3930 3,
534 3866 562 3922 6.
793 3861 910 3919 Siciliae.
944 3861 1082 3920 Tribunus
1104 3864 1205 3939 plebis.
1243 3866 1362 3922 Praetor.

155 3947 183 4002 P.
208 3950 305 4005 Accius
337 3947 432 4021 Aquila
463 3949 588 4003 centurio
620 3947 683 4003 coli.
712 3945 743 4002 Vl
791 3946 950 4003 Praefectus
972 3946 1111 4006 frumento
1132 3950 1223 4007 dando
1239 3967 1274 4008 ex
1290 3968 1362 4007 seua·

176 4035 311 4107 equestris
326 4032 360 4104 (2)
379 4033 410 4089 T.
429 4036 495 4092 166.
515 4037 577 4087 167.
791 4040 837 4087 66
852 4033 980 4089 consulto
1003 4028 1091 4111 [boec
1112 4052 1153 4093 ex
1174 4039 1263 4094 titulo
1286 4038 1363 4094 Grut.

154 4132 266 4178 enerve
297 4135 377 4177 suna
413 4136 437 4173 v.
476 4134 590 4176 arrrvs
619 4132 745 4175 evener-
793 4122 1133 4192 311,8,quinide1ur
1163 4138 1232 4179 esse
1265 4126 1362 4194 ipsius,

175 4220 243 4263 nvs.
793 4218 876 4278 quem
897 4211 1027 4264 nominent
1050 4203 1189 4285 Plinius}
1221 4208 1288 4265 Ces.
1310 4207 1362 4262 des.

156 4290 274 4347 Achilles
289 4285 320 4363 5,
338 4294 365 4362 6,
384 4294 433 4346 43.
793 4291 821 4345 iu
842 4299 940 4347 senatu
968 4294 1131 4350 sententiam
1156 4293 1226 4349 dicit
1253 4311 1278 4349 a.
1309 4293 1363 4351 105

155 4376 265 4433 Acilius.
298 4376 337 4432 dd
354 4376 466 4431 dciliuin
483 4394 537 4433 scr.
553 4373 583 4447 3,
604 4379 652 4433 14.
791 4375 834 4432 vel
853 4376 912 4434 106
929 4371 960 4452 5,
981 4382 1026 4450 26,
1045 4384 1073 4437 6.
1089 4375 1120 4451 6,
1138 4384 1184 4449 13,
1203 4384 1236 4438 5.

156 4457 185 4514 P.
208 4462 310 4519 Acilius
336 4463 484 4519 avunculus
516 4463 614 4519 lliuicii
631 4463 744 4520 Aciliani
773 4504 859 4520 ......
877 4461 1059 4536 Aciliauus2,
1078 4467 1125 4522 16.

176 4543 206 4619 1,
224 4552 271 4620 14,
290 4553 318 4605 6.
871 4566 894 4606 r.
910 4565 1063 4610 urnrcrvs.
