2934 4966
162 255 224 320 112
284 246 309 301 f
361 278 364 282 ·
444 215 454 233 ”
685 270 839 323 arum

44 512 47 518 Ι
83 500 88 510 Ι
159 428 311 511 putamus
325 445 497 510 passurum
509 425 622 513 fuisse,
644 424 673 491 si
694 424 859 493 nueretl’
881 427 917 492 et
936 424 1104 497 Mauricus
1117 426 1309 495 ‘nobiscum
1323 448 1374 495 ce·

51 529 53 533 ’
131 529 275 595 inaret’
316 527 445 614 longius
460 528 536 614 abii,
557 529 663 596 libens
678 532 800 595 tumen.
830 527 955 614 placuit
968 537 1079 615 agona
1092 528 1174 623 tolli,
1190 530 1250 617 qui
1263 552 1374 597 mores

159 629 395 696 Viennensium
411 631 581 718 infecerat,
604 635 642 698 ut
655 635 767 698 noster
780 630 834 697 list
849 630 1005 698 omnium.
1035 654 1113 697 nam
1126 630 1373 715 Viennensium

97 800 101 807 ,
158 732 239 797 vilia
259 734 348 799 intra
368 734 456 820 ipsos
477 735 635 821 residunt,
658 738 772 801 nostra
792 732 859 800 late
881 730 1176 821 vagantur,.-utque
1196 735 1234 801 in
1257 728 1373 823 corpo

159 833 249 900 ribus
270 837 318 901 aie
338 836 374 902 iu
395 837 532 924 imperio
545 838 757 925 graussimus
778 839 829 903 est
849 836 981 903 morbus
1000 835 1057 923 qui
1077 858 1100 903 a
1120 836 1233 923 capite.
1250 838 1397 909 ‹lilino-⁶

159 937 256 1005 ditum
285 938 368 1005 vale.
765 934 768 939 ’
1207 954 1210 958 ’

285 1070 305 1076 v*
888 1077 891 1082 -
1036 1058 1068 1095 v

419 1234 617 1291 o.1>u1u1os
634 1224 827 1308 rourorpo
846 1217 962 1286 sasso
980 1232 1053 1288 suo
1071 1232 1099 1290 a.

131 1352 148 1415 1
243 1349 401 1437 Magnam
415 1351 486 1439 cepi
501 1352 710 1439 voluptatem,
726 1374 801 1419 cum
814 1374 855 1418 ex
867 1350 1090 1418 communibus
1101 1348 1216 1417 amicis
1225 1350 1374 1439 cognovi

158 1454 202 1536 te,
223 1454 262 1518 ut
283 1454 447 1539 sapientia
467 1457 525 1520 tua
540 1455 676 1541 dignum
698 1457 758 1540 est,
783 1456 816 1521 et
828 1453 1002 1539 disponere
1023 1453 1127 1521 otium
1141 1452 1291 1541 silure,
1312 1452 1373 1521 ha·
1385 1472 1407 1515 u

158 1552 261 1621 bitare
294 1557 518 1623 amoenissima
550 1561 584 1623 et
614 1580 703 1625 nunc
735 1561 825 1624 terra
850 1577 941 1624 nunc
970 1556 1054 1623 mari
1081 1576 1199 1643 corpus
1219 1556 1370 1645 agitare,

158 1656 298 1724 multum
312 1659 487 1745 disputare,
509 1659 647 1726 multum
662 1659 789 1746 audire„
807 1659 946 1725 multum
959 1658 1119 1745 lectitare,
1144 1680 1283 1747 cumque
1296 1650 1372 1746 plu·

15 1739 20 1751 ⁶
128 1759 276 1826 2rimum
290 1761 386 1846 scias,
404 1763 520 1828 cotidie
533 1765 645 1829 tumen
659 1762 781 1848 aliquid
796 1762 972 1829 addiscere.
995 1761 1043 1829 ita
1057 1782 1225 1829 senescere
1234 1766 1372 1849 oportet

156 1852 262 1928 virum
294 1864 351 1949 qui
381 1864 593 1951 magistratus
623 1865 839 1952 amplissimos
865 1865 1022 1951 gesserit,
1055 1865 1216 1931 armcitus
1243 1866 1370 1933 rexerit

128 1965 325 2051 3totumque
347 1988 382 2032 se
404 1967 451 2032 rei
472 1967 638 2052 publicae,
661 1990 758 2054 quam
780 1968 835 2033 diu
857 1966 1010 2053 decebat,
1033 1966 1200 2034 obtulerit.
1226 1988 1312 2035 nam
1334 1972 1406 2035 etis

157 2067 263 2153 prima
284 2069 371 2136 vitae
392 2072 540 2156 tempora
562 2072 597 2136 et
616 2070 724 2137 media
745 2070 888 2157 patriae,
912 2073 1057 2135 extrema
1078 2068 1174 2135 nobis
1195 2068 1369 2156 impertire

30 2246 43 2258 ν
156 2169 326 2256 debemus,
348 2176 386 2238 ut
407 2172 497 2258 ipsae
518 2173 608 2259 leges
629 2177 781 2258 monent,
803 2194 886 2258 quae
907 2172 1063 2239 maiorem
1086 2172 1183 2239 annia
1203 2172 1274 2239 otio
1294 2172 1368 2239 red·

127 2271 250 2338 4dunt.
287 2274 418 2361 quando
445 2267 527 2341 milri
547 2275 675 2362 licebit,
705 2274 833 2362 quando
860 2296 922 2363 per
942 2278 1082 2341 aetatem
1104 2273 1281 2343 honestum
1302 2276 1370 2343 erit

155 2375 278 2467 imitari
304 2376 392 2443 istud
419 2376 654 2462 pulcherrimae
680 2378 798 2464 quietis
825 2376 1032 2464 exemplum?
1059 2376 1190 2464 quando
1215 2398 1368 2447 secessus
1405 2385 1407 2394 '

53 2494 57 2499 ’
156 2479 221 2546 mei
242 2501 310 2546 non
332 2479 474 2548 desidiae
495 2501 624 2566 nomen,
646 2480 703 2548 sed
723 2479 972 2569 tranquillitatis
994 2478 1184 2566 accipient?
1214 2479 1297 2547 vale.
1375 2498 1403 2545 ro

684 2650 825 2720 XXIIII.

436 2775 467 2827 c.
484 2774 633 2829 ramma
651 2775 763 2829 sunio
780 2775 944 2828 vruaurr
967 2774 1039 2829 sno
1058 2774 1086 2830 a.

127 2890 144 2955 1
240 2891 390 2960 Proxime
418 2915 491 2959 cum
517 2892 606 2979 apud
634 2892 850 2960 centumviros
877 2893 914 2958 in
940 2891 1144 2979 quadruplici
1170 2889 1293 2981 iudicio
1315 2891 1365 2967 di·

154 2996 284 3082 xissem,
305 2996 406 3062 subiit
426 2995 607 3062 recordatio
629 2996 734 3082 egisse
746 3018 798 3063 me
812 2996 963 3062 iuvenem
977 3016 1079 3081 aeque
1093 2994 1129 3061 in
1144 2992 1363 3080 quadruplici.

123 3093 312 3185 iprocessit
333 3098 471 3184 animus,
494 3102 533 3164 ut
553 3098 645 3183 solet,
666 3098 813 3185 longius:
841 3097 933 3183 coepi
954 3100 1116 3183 reputare,
1138 3117 1218 3182 quos
1239 3095 1277 3163 in
1299 3096 1401 3165 Isocra

153 3199 290 3287 iudicio,
319 3223 399 3287 quos
426 3200 462 3267 in
490 3200 547 3266 illo
575 3201 677 3266 socios
698 3199 819 3267 laboris
851 3200 1049 3266 habuissem.
1082 3199 1176 3264 solus
1192 3218 1283 3264 eram
1305 3200 1380 3286 qui,

152 3303 189 3370 in
210 3307 346 3391 utroque
367 3303 535 3369 dixissem:
556 3306 667 3368 tantas
696 3303 920 3369 conversiones
948 3307 1006 3369 aut
1031 3299 1194 3388 fragilitas
1214 3302 1362 3368 mortali·

123 3401 232 3473 3tatis
247 3411 304 3473 aut
317 3406 469 3474 fomanus
483 3405 647 3472 mobilitas
668 3404 762 3473 facit.
792 3407 924 3494 quidam
938 3427 979 3473 ex
991 3406 1034 3473 iis
1048 3404 1105 3493 qui
1118 3407 1207 3471 tunc
1220 3397 1362 3491 egerant

151 3589 355 3601 m

221 3706 348 3757 letam.
365 3704 409 3768 Bp
478 3700 638 3752 tresidunt
654 3702 736 3751 IV!
753 3702 876 3755 Riccurd.
893 3715 952 3767 pra
967 3700 1135 3753 residenti)
1230 3695 1235 3704 '

132 3834 135 3839 .
220 3789 349 3841 xxms
375 3786 567 3840 POMPONIO
587 3786 700 3839 BASSO
719 3787 791 3839 SUO
808 3789 874 3853 l'pa
891 3788 1043 3850 Pomponio
1062 3802 1112 3837 suo
1129 3786 1251 3836 Bassor
1275 3785 1360 3839 Pom·

103 3887 106 3893 ·
152 3859 340 3926 ponioBasso
358 3870 375 3913 ς
393 3855 509 3908 BASSO
528 3855 600 3908 SUO
617 3856 698 3904 lvo
784 3857 979 3923 tooepiIIV
1065 3857 1096 3905 11
1116 3853 1360 3906 amuouiuimeli

220 3927 425 3993 corpusculi
496 3927 527 3976 13
540 3924 628 3976 scisr
678 3924 784 3990 aliquid
803 3927 890 3976 adisci
912 3932 992 3975 recta
1009 3923 1196 3976 senesceren
1248 3928 1360 3988 oportet

152 3997 239 4047 uirum
260 3999 300 4046 ita
318 4010 461 4047 senescere
480 3995 557 4049 1V3
627 3995 659 4043 15
677 3993 812 4059 optulerit
828 3995 878 4042 Π
961 3995 992 4044 16
1010 3992 1152 4058 impertire
1169 3992 1255 4045 Brea
1272 3992 1359 4058 impe·

151 4065 204 4115 tire
223 4065 282 4114 ΙΝ
299 4064 443 4129 imparIIra
462 4076 478 4126 p
496 4063 631 4128 imperare
649 4061 670 4109 1²
689 4062 810 4113 thcard.
900 4063 931 4112 li
949 4062 1081 4113 maiorem
1100 4061 1182 4110 anule
1200 4060 1258 4109 otio
1276 4057 1358 4124 (anui

151 4134 228 4185 socio
246 4131 285 4199 Ι)
302 4133 414 4182 ΗΠΒ
432 4131 555 4182 rucuma.
574 4145 608 4193 rp
626 4131 759 4181 maiorem
778 4131 859 4182 aunis
876 4131 927 4181 Lx
946 4130 1009 4181 ocio
1026 4129 1174 4181 Calamus
1191 4142 1209 4176 a
1323 4131 1358 4181 20

151 4201 331 4268 accipiantv
1208 4203 1211 4208 ’

220 4286 330 4338 XXIIII
356 4289 389 4337 22
415 4285 506 4337 Fabio
533 4283 646 4335 Valenti
673 4300 723 4335 suo
750 4300 786 4350 pr
811 4282 925 4335 FABIO
949 4283 1021 4337 SUO
1044 4284 1066 4333 p
1093 4279 1256 4333 vanuum
1284 4281 1357 4333 SUO

151 4354 257 4405 nvos
325 4358 358 4407 23
376 4356 405 4406 iu
424 4353 600 4421 quadruplici
618 4353 720 4405 iudicio
743 4371 791 4406 ora.
810 4356 831 4403 Γ
849 4353 971 4408 Riccard.
1041 4354 1076 4402 24
1093 4351 1170 4401 subit
1187 4363 1205 4398 ι
1272 4354 1368 4418 aequi·

60 4457 62 4460 -
151 4423 173 4472 o
241 4426 274 4474 26
293 4423 398 4475 laboris
415 4424 506 4474 socios
523 4435 559 4478 τς
645 4424 678 4474 27
701 4423 730 4472 iu
748 4425 906 4487 utruquell
989 4420 1215 4473 conuersationes
1231 4419 1288 4468 liv

151 4493 247 4544 mortis
266 4499 315 4543 aut
332 4493 459 4544 fortunae
477 4492 617 4544 modititas
635 4498 728 4542 mouet
746 4491 857 4543 Iacitlt
943 4493 977 4543 28
995 4488 1137 4541 mobilitas
1155 4488 1286 4541 fortunae
1305 4489 1359 4554 μ’

219 4576 253 4613 cx
271 4561 315 4612 his
333 4562 441 4612 nro
