2934 4966
612 340 825 391 ettenorum.
1022 359 1024 364 ·
1235 336 1325 392 XXIX

114 496 184 559 stat
205 495 257 561 vel
279 518 353 561 oum
372 488 425 562 his
448 498 550 562 etiam·
568 496 721 583 princeps
744 497 795 582 (p)
819 497 852 559 et
872 493 1020 559 Romana
1040 493 1087 582 (r)
1110 482 1209 559 editio
1230 493 1324 582 feeit,

113 596 172 663 ille
203 607 378 665 consensus
411 605 596 686 suspectam
628 599 734 666 reddit
762 597 838 663 Aldi
871 597 978 663 fidem.
1017 596 1070 662 ubi
1101 619 1176 663 vero
1202 596 1325 663 Aldina

116 702 280 788 scriptura
294 703 392 769 etiam
413 704 450 769 in
461 704 557 769 editis
580 707 678 770 antea
690 689 928 788 exemplaribus
940 703 985 785 (ς)
1004 701 1179 787 invenitur,
1196 721 1267 767 eam
1285 721 1324 766 ex
1437 701 1440 707 ’

115 804 168 870 his
189 806 297 891 potius
319 829 415 892 qnam
438 829 455 873 e
478 807 561 873 libro
589 829 689 872 manu
718 807 839 892 scripto
862 805 999 891 petitam
1022 825 1091 868 esee
1114 808 1238 869 eertum
1259 797 1323 871 est:

114 931 149 993 p.
175 908 284 992 170,6
307 922 341 975 at
362 932 400 975 ne
420 913 550 976 Robusti
569 915 699 992 quidem.
723 915 922 990 experiamur
946 906 1148 992 (experamur
1161 907 1206 995 D)
1223 919 1324 974 tameo

112 1020 217 1090 MDp
240 1019 357 1078 utinam
378 1036 418 1078 ne
438 1019 572 1080 Robusto
594 1019 673 1103 idem
695 1019 903 1094 experiamur.
933 1020 1032 1076 tamea
1054 1033 1073 1075 r
1094 1019 1210 1077 mirram
1232 1032 1271 1077 ne
1291 1017 1324 1077 ia
1401 1039 1403 1043 ¹

114 1117 251 1180 Robusto
272 1120 353 1180 idem
375 1124 586 1197 experiamur.
616 1128 717 1182 taruco
741 1137 801 1190 aa:
836 1115 908 1200 174,
934 1115 973 1180 17
1002 1119 1091 1181 tomo
1117 1109 1276 1192 munificus
1295 1126 1326 1180 et

13 1291 18 1296 .
116 1223 244 1283 innoxie
250 1224 656 1309 popularisMDprtaomo
666 1225 827 1297 munificus
836 1232 866 1283 et
875 1223 1024 1283 innoxiae
1028 1223 1324 1298 popularitatisga:
1376 1225 1410 1294 s

120 1319 192 1404 176,
214 1321 337 1386 taetus
352 1328 383 1387 in
405 1329 475 1388 sinu
494 1330 530 1400 fit
553 1322 638 1408 (fluit
657 1323 731 1408 Dp)
754 1344 823 1400 cam
838 1327 973 1387 maxime
988 1333 1098 1402 portas
1112 1330 1215 1399 MDp
1237 1328 1325 1388 cuius
1427 1335 1430 1340 '

118 1428 149 1486 in
172 1428 242 1488 sirau
264 1429 521 1504 amphitheatrum
543 1448 562 1490 r
583 1432 671 1491 euius
693 1432 725 1491 iu
748 1431 818 1490 sirau
833 1436 948 1506 portus
969 1430 1052 1489 uelut
1066 1428 1324 1504 amphitheatrum

117 1547 179 1598 aa:
203 1523 311 1609 180,2
334 1534 389 1607 qui
408 1550 449 1592 rra
472 1534 595 1595 omnino
616 1539 778 1592 accusetur
798 1535 945 1593 incertum
965 1537 1010 1592 est
1035 1535 1095 1591 Mr
1116 1532 1190 1606 puio
1205 1533 1326 1592 nomino
1428 1542 1432 1547 “

118 1639 280 1692 accusetur
300 1635 449 1694 incertam
474 1629 619 1715 (inertum
641 1634 684 1714 D)
707 1642 751 1695 est
771 1640 831 1707 Dp
858 1638 913 1710 qui
936 1650 996 1710 quo
1023 1635 1144 1694 nomine
1165 1641 1326 1696 accusetur
1413 1667 1414 1672 κ

62 1794 64 1797 ,
118 1737 266 1797 incertum
287 1745 332 1797 est
354 1753 409 1806 aa.
454 1733 550 1818 plura
579 1733 675 1798 etiam
700 1733 886 1798 coniectura
914 1733 983 1797 eius
1006 1731 1061 1818 qui
1082 1731 1237 1797 Aldinam
1259 1732 1324 1798 edi·

117 1832 240 1898 tionem
264 1835 390 1899 curavit
410 1857 477 1901 non
499 1834 731 1922 praeeuntibus
754 1835 827 1901 aliis
849 1838 976 1901 mutata
998 1838 1089 1920 sunt,
1117 1857 1199 1922 quae
1220 1835 1324 1901 maxi-
1442 1918 1449 1923 ᾖ

19 2019 21 2021 ‚
51 1930 54 1934 ’
96 1941 204 2001 'mam
226 1940 352 2024 partein
376 1938 417 2002 ad
439 1938 652 2005 elocutionem
680 1941 714 2004 et
735 1941 931 2004 structuram
954 1938 1124 2003 verborum
1145 1939 1323 2024 Peffinent‘
1350 2016 1352 2021 ,

116 2039 153 2105 in
175 2061 238 2127 quo
260 2062 381 2126 genere
403 2041 516 2121 multa,
541 2064 624 2129 quae
645 2042 753 2106 minus
775 2041 894 2107 usitate
917 2041 1005 2106 dieta
1027 2063 1097 2105 esse
1118 2039 1322 2128 videbantur,
1419 2040 1422 2045 ’

117 2142 159 2206 ab
181 2142 237 2208 illo
258 2147 386 2209 mutata
407 2147 501 2229 sunt,
524 2149 563 2210 ut
582 2168 615 2231 p.
641 2145 712 2230 152,
736 2145 757 2210 3
785 2157 819 2210 ut
843 2152 976 2226 primum
998 2149 1056 2209 sibi
1075 2155 1162 2209 aetas
1183 2150 1325 2210 iudr'care

114 2253 255 2326 permisit
275 2269 336 2333 pro
358 2260 392 2313 ut
417 2255 551 2328 primum
577 2253 635 2313 sibi
660 2253 802 2312 iudicare
818 2253 975 2328 permisit:
1006 2246 1078 2330 160,
1104 2247 1120 2311 1
1150 2259 1322 2314 cunctatus·

117 2371 175 2429 pere
195 2371 254 2434 pro
276 2362 451 2417 cunctatus:
487 2351 558 2436 104,
582 2351 624 2416 28
657 2357 689 2416 in
723 2358 813 2416 siccis
840 2358 944 2415 arenis
971 2354 1126 2415 detinebat
1153 2372 1212 2436 pro
1233 2358 1324 2418 siccis

116 2457 242 2519 tarenis
263 2459 431 2520 detinebat:
455 2453 527 2538 166,
546 2455 570 2548 47
592 2458 794 2520 occurrebant
814 2475 873 2538 pro
896 2458 1115 2518 occursabant:
1137 2453 1182 2517 ib.
1209 2454 1249 2519 14
1271 2461 1322 2520 do·
1397 2538 1398 2543 ἵ
1447 2451 1452 2459 ’

116 2577 172 2621 nec
194 2562 233 2621 de
252 2563 407 2622 oauueulo
429 2563 562 2622 nuntias·
580 2564 698 2622 ueniret
724 2577 783 2641 pro
810 2563 907 2623 donee
934 2561 972 2620 de
1000 2563 1155 2623 auunculo
1183 2566 1322 2631 nuntius:

118 2658 190 2743 169,
211 2659 254 2725 25
275 2667 333 2724 iter
351 2663 464 2736 fecisse
485 2680 544 2744 pro
566 2666 624 2724 iter
640 2667 813 2741 perepisse:
846 2659 920 2743 207,
947 2659 987 2724 16
1015 2671 1063 2740 ut,
1092 2667 1181 2740 siqua
1202 2683 1243 2726 ese
1264 2666 1323 2728 troc

16 2752 26 2760 ’
115 2766 235 2827 inuidia
256 2768 331 2842 erit,
356 2766 494 2827 noctua
517 2774 633 2828 tautum
656 2769 696 2827 sit
710 2782 770 2846 pro
792 2773 840 2837 ut,
863 2769 951 2843 siqua
967 2783 1008 2828 ex
1029 2767 1089 2828 too
1109 2769 1238 2838 inuidia,
1261 2787 1321 2831 noa

114 2849 234 2930 tantum
255 2877 321 2929 tua.
359 2864 414 2928 sed
437 2857 583 2949 quamvis
605 2864 780 2928 manifesta
807 2863 904 2930 huius
931 2865 1017 2930 modi
1046 2865 1201 2951 exemplis
1223 2867 1349 2954 pluri-s¹

114 2967 177 3032 mis
198 2956 408 3052 interpolatio
438 2967 589 3032 editionis
618 2968 678 3051 sit,
706 2971 784 3032 sunt
804 2971 915 3032 tamen
944 2968 1116 3054 inquibus
1143 2969 1225 3036 haee
1252 2970 1322 3036 sola

113 3090 225 3134 reram
247 3070 441 3154 scripturam
464 3069 631 3135 exhibeat:
662 3071 746 3135 unde
775 3073 911 3156 apparet
941 3070 976 3134 in
1000 3070 1110 3137 codice
1132 3093 1195 3158 quo
1217 3073 1321 3140 editor

112 3193 191 3236 usus
213 3175 263 3237 est
284 3171 442 3258 quaedam
469 3194 552 3257 quae
579 3173 614 3236 in
643 3172 775 3258 reliquis
802 3173 952 3238 omnibus
975 3174 1152 3258 depravata
1174 3180 1251 3241 sunt
1272 3177 1320 3242 in·

114 3278 268 3360 compta
294 3275 412 3363 fuisse,
444 3297 475 3360 p.
500 3275 639 3369 205,13
671 3288 820 3356 praeerat
847 3282 918 3339 alae
944 3282 1099 3341 miliariae
1125 3300 1147 3342 a
1165 3287 1321 3359 'praeerat

112 3385 186 3442 (eloe
206 3385 373 3443 militarioe
394 3386 448 3442 Dr
465 3389 616 3458 praeerat
639 3385 709 3442 aloe
730 3385 863 3443 militari
881 3388 965 3455 Mp:
988 3378 1122 3463 235,15
1144 3402 1216 3445 uam
1238 3389 1323 3463 quod

112 3487 154 3545 de
176 3488 297 3546 uirreute
317 3488 480 3561 scriptum,
511 3488 550 3545 ote
571 3487 691 3546 uiuente
712 3488 872 3546 recitatum
899 3493 959 3559 est,
990 3489 1020 3546 ire
1043 3485 1223 3560 deformium
1246 3507 1319 3565 qrro·
1422 3471 1427 3481 ι

87 3576 173 3664 'que
194 3595 349 3664 tamquam
373 3591 522 3652 uiuentem
550 3588 654 3647 odlcuc
680 3590 781 3648 editur
802 3607 837 3664 a,
868 3584 923 3648 nbi
951 3590 990 3647 de
1017 3593 1138 3653 uiuente
1159 3595 1319 3654 recitatam
1404 3641 1406 3645 ,

111 3707 177 3750 om.
201 3695 343 3764 MDpr:
376 3685 450 3766 237,
476 3687 515 3750 17
544 3693 604 3750 πίει·
629 3699 706 3751 esset
729 3693 853 3764 perois
880 3694 961 3766 εἰπε,
991 3698 1025 3751 ut
1050 3708 1143 3768 saepe
1170 3697 1317 3772 incipere,

109 3809 207 3869 saepe
228 3795 368 3853 desinere
389 3795 536 3853 uideatur
556 3811 577 3853 a
608 3797 669 3853 oisr'
689 3803 764 3854 esset
784 3798 907 3870 penoris
928 3797 992 3854 eiras
1015 3802 1048 3854 ut
1068 3812 1160 3871 saepe
1182 3798 1320 3859 desinere
1428 3812 1435 3818 ·

110 3896 260 3956 reideotur
280 3900 352 3957 MD
359 3893 432 3969 pr:
452 3891 525 3976 252,
550 3893 570 3955 6
598 3898 706 3973 quibus
734 3900 827 3957 aliter
848 3900 968 3971 ipnotus
996 3905 1040 3957 est
1061 3916 1083 3957 a
1110 3900 1218 3975 quitus
1240 3903 1319 3962 alter
1417 3935 1419 3940 .

110 4000 234 4073 ipuotus
256 4005 300 4058 est
320 4002 456 4072 MDpr.
494 4016 689 4080 quamquam
712 4017 750 4059 ea
773 3998 806 4060 et
832 4017 936 4080 pausa
964 3999 1042 4060 sunt
1074 4000 1108 4062 et
1128 3999 1249 4082 purtim
1271 3999 1318 4064 ita

111 4101 315 4181 comparata,
343 4094 380 4161 u't
406 4095 547 4161 dubitari
574 4098 695 4184 possit,
725 4101 833 4162 utrum
862 4119 937 4162 vera
958 4099 1118 4184 scriptura
1146 4099 1248 4165 codici
1276 4124 1324 4174 an,

110 4197 318 4263 coniecturae
340 4199 471 4265 editoris
494 4199 658 4266 debeatur.

198 4300 321 4367 Verum
342 4301 424 4368 haee
446 4305 570 4390 omnia,
595 4305 634 4368 de
657 4303 773 4389 quibus
795 4303 900 4369 adhue
920 4304 1042 4370 dietum
1063 4310 1114 4371 est
1134 4307 1188 4372 vix
1210 4330 1317 4393 quem·

108 4426 210 4492 quam
230 4405 345 4472 saliere
366 4411 513 4491 possunt.
551 4408 654 4492 magis
678 4407 831 4493 ambigua
858 4411 935 4473 snnt
962 4408 1019 4473 illa
1040 4409 1076 4473 in
1098 4410 1212 4494 quibus
1234 4434 1318 4478 unus

108 4507 276 4574 Medieeus
300 4509 435 4575 codexa
457 4510 651 4597 reliquorum
668 4511 806 4577 lectione
823 4512 982 4577 dissentit.
1021 4535 1098 4577 nam
1120 4535 1193 4578 oum
1214 4514 1317 4579 multa

109 4633 151 4675 ex
167 4612 315 4698 principe
331 4612 472 4679 editione
495 4615 535 4679 ad
559 4638 613 4680 eas
636 4638 718 4703 quae
732 4617 876 4701 proxime
891 4621 1022 4690 secutae
1044 4620 1121 4682 sunt
1135 4621 1317 4705 propagata
