<?xml version="1.0" encoding="UTF-8"?>
<!DOCTYPE html PUBLIC "-//W3C//DTD XHTML 1.0 Transitional//EN"
    "http://www.w3.org/TR/xhtml1/DTD/xhtml1-transitional.dtd">
<html xmlns="http://www.w3.org/1999/xhtml" xml:lang="en" lang="en">
 <head>
  <title>
</title>
<meta http-equiv="Content-Type" content="text/html;charset=utf-8" />
  <meta name='ocr-system' content='tesseract 3.04.00' />
  <meta name='ocr-capabilities' content='ocr_page ocr_carea ocr_par ocr_line ocrx_word'/>
</head>
<body>
  <div class='ocr_page' id='page_1' title='image "./cplinicaecilise00plingoog_0059.png"; bbox 0 0 2934 4966; ppageno 0'>
   <div class='ocr_carea' id='block_1_1' title="bbox 176 276 878 344">
    <p class='ocr_par' dir='ltr' id='par_1_1' title="bbox 176 276 878 344">
     <span class='ocr_line' id='line_1_1' title="bbox 176 276 878 344; baseline 0.006 -4"><span class='ocrx_word' id='word_1_1' title='bbox 176 276 200 340; x_wconf 83' lang='lat'>4</span> <span class='ocrx_word' id='word_1_2' title='bbox 712 294 744 343; x_wconf 91' lang='lat' dir='ltr'>c.</span> <span class='ocrx_word' id='word_1_3' title='bbox 767 295 878 344; x_wconf 82' lang='lat' dir='ltr'>rumi-</span> 
     </span>
    </p>
   </div>
   <div class='ocr_carea' id='block_1_2' title="bbox 146 445 1394 745">
    <p class='ocr_par' dir='ltr' id='par_1_2' title="bbox 146 445 1394 745">
     <span class='ocr_line' id='line_1_2' title="bbox 175 445 1394 539; baseline 0.007 -29"><span class='ocrx_word' id='word_1_4' title='bbox 175 445 290 511; x_wconf 87' lang='lat' dir='ltr'>tudine</span> <span class='ocrx_word' id='word_1_5' title='bbox 310 449 368 511; x_wconf 89' lang='lat' dir='ltr'>tua</span> <span class='ocrx_word' id='word_1_6' title='bbox 390 450 425 511; x_wconf 88' lang='lat' dir='ltr'>et</span> <span class='ocrx_word' id='word_1_7' title='bbox 443 445 535 533; x_wconf 81' lang='lat' dir='ltr'>legas</span> <span class='ocrx_word' id='word_1_8' title='bbox 557 448 777 533; x_wconf 72' lang='lat' dir='ltr'>etmenden,</span> <span class='ocrx_word' id='word_1_9' title='bbox 807 470 845 515; x_wconf 91' lang='lat' dir='ltr'>eo</span> <span class='ocrx_word' id='word_1_10' title='bbox 866 451 988 535; x_wconf 81' lang='lat' dir='ltr'>magis,</span> <span class='ocrx_word' id='word_1_11' title='bbox 1016 452 1101 537; x_wconf 87' lang='lat' dir='ltr'>quod</span> <span class='ocrx_word' id='word_1_12' title='bbox 1126 451 1210 519; x_wconf 87' lang='lat' dir='ltr'>nilril</span> <span class='ocrx_word' id='word_1_13' title='bbox 1230 474 1394 539; x_wconf 88' lang='lat' dir='ltr'>umquam</span> 
     </span>
     <span class='ocr_line' id='line_1_3' title="bbox 146 547 1393 641; baseline 0.01 -31"><span class='ocrx_word' id='word_1_14' title='bbox 146 547 336 633; x_wconf 67' lang='lat' dir='ltr'>dperaequc</span> <span class='ocrx_word' id='word_1_15' title='bbox 360 548 472 614; x_wconf 88' lang='lat' dir='ltr'>eodem</span> <span class='ocrx_word' id='word_1_16' title='bbox 496 554 584 638; x_wconf 81' lang='grc' dir='ltr'>ζήλῳ</span> <span class='ocrx_word' id='word_1_17' title='bbox 608 552 775 636; x_wconf 74' lang='lat' dir='ltr'>scripsisse</span> <span class='ocrx_word' id='word_1_18' title='bbox 798 552 919 618; x_wconf 84' lang='lat' dir='ltr'>videor.</span> <span class='ocrx_word' id='word_1_19' title='bbox 970 555 1128 641; x_wconf 82' lang='lat' dir='ltr'>temptari</span> <span class='ocrx_word' id='word_1_20' title='bbox 1152 556 1241 621; x_wconf 75' lang='lat' dir='ltr'>enin</span> <span class='ocrx_word' id='word_1_21' title='bbox 1260 556 1393 623; x_wconf 88' lang='lat' dir='ltr'>imitari</span> 
     </span>
     <span class='ocr_line' id='line_1_4' title="bbox 180 649 1392 745; baseline 0.011 -33"><span class='ocrx_word' id='word_1_22' title='bbox 180 649 420 717; x_wconf 70' lang='lat' dir='ltr'>Demosthenen</span> <span class='ocrx_word' id='word_1_23' title='bbox 431 674 558 739; x_wconf 87' lang='lat' dir='ltr'>semper</span> <span class='ocrx_word' id='word_1_24' title='bbox 568 658 671 721; x_wconf 82' lang='lat' dir='ltr'>tuunr.</span> <span class='ocrx_word' id='word_1_25' title='bbox 685 654 820 719; x_wconf 76' lang='lat' dir='ltr'>(bitum</span> <span class='ocrx_word' id='word_1_26' title='bbox 830 675 937 743; x_wconf 83' lang='lat' dir='ltr'>nuper</span> <span class='ocrx_word' id='word_1_27' title='bbox 945 677 1064 741; x_wconf 87' lang='lat' dir='ltr'>meum,</span> <span class='ocrx_word' id='word_1_28' title='bbox 1080 656 1254 723; x_wconf 84' lang='lat' dir='ltr'>dumtaxat</span> <span class='ocrx_word' id='word_1_29' title='bbox 1268 658 1392 745; x_wconf 78' lang='lat' dir='ltr'>liguris</span> 
     </span>
    </p>
   </div>
   <div class='ocr_carea' id='block_1_3' title="bbox 27 754 1427 2485">
    <p class='ocr_par' dir='ltr' id='par_1_3' title="bbox 27 754 1427 2485">
     <span class='ocr_line' id='line_1_5' title="bbox 177 754 1391 846; baseline 0.009 -29"><span class='ocrx_word' id='word_1_30' title='bbox 177 754 350 819; x_wconf 87' lang='lat' dir='ltr'>orationis:</span> <span class='ocrx_word' id='word_1_31' title='bbox 371 777 450 820; x_wconf 92' lang='lat' dir='ltr'>nam</span> <span class='ocrx_word' id='word_1_32' title='bbox 464 756 531 823; x_wconf 82' lang='lat' dir='ltr'>vim</span> <span class='ocrx_word' id='word_1_33' title='bbox 544 760 711 822; x_wconf 66' lang='lat' dir='ltr'>antarum</span> <span class='ocrx_word' id='word_1_34' title='bbox 726 758 869 824; x_wconf 81' lang='lat' dir='ltr'>virorum</span> <span class='ocrx_word' id='word_1_35' title='bbox 890 760 1001 845; x_wconf 79' lang='lat' dir='ltr'>‘pauci</span> <span class='ocrx_word' id='word_1_36' title='bbox 1015 780 1096 846; x_wconf 89' lang='lat' dir='ltr'>quos</span> <span class='ocrx_word' id='word_1_37' title='bbox 1110 768 1237 846; x_wconf 78' lang='lat' dir='ltr'>aequus</span> <span class='ocrx_word' id='word_1_38' title='bbox 1246 759 1391 828; x_wconf 76' lang='lat' dir='ltr'>ornarit’</span> 
     </span>
     <span class='ocr_line' id='line_1_6' title="bbox 145 855 1427 950; baseline 0.006 -30"><span class='ocrx_word' id='word_1_39' title='bbox 145 855 311 942; x_wconf 71' lang='lat' dir='ltr'>godsequi</span> <span class='ocrx_word' id='word_1_40' title='bbox 326 862 474 942; x_wconf 74' lang='lat' dir='ltr'>pomnnt.</span> <span class='ocrx_word' id='word_1_41' title='bbox 504 880 566 925; x_wconf 89' lang='lat' dir='ltr'>nee</span> <span class='ocrx_word' id='word_1_42' title='bbox 580 860 717 925; x_wconf 78' lang='lat' dir='ltr'>materia</span> <span class='ocrx_word' id='word_1_43' title='bbox 735 860 808 945; x_wconf 84' lang='lat' dir='ltr'>ipsa</span> <span class='ocrx_word' id='word_1_44' title='bbox 826 859 915 940; x_wconf 86' lang='lat' dir='ltr'>huic,</span> <span class='ocrx_word' id='word_1_45' title='bbox 927 882 1042 927; x_wconf 85' lang='lat' dir='ltr'>vereor</span> <span class='ocrx_word' id='word_1_46' title='bbox 1055 884 1099 929; x_wconf 87' lang='lat' dir='ltr'>ne</span> <span class='ocrx_word' id='word_1_47' title='bbox 1112 861 1249 949; x_wconf 89' lang='lat' dir='ltr'>inprobe</span> <span class='ocrx_word' id='word_1_48' title='bbox 1262 864 1390 950; x_wconf 84' lang='lat' dir='ltr'>dicans,</span> <span class='ocrx_word' id='word_1_49' title='bbox 1418 891 1427 928; x_wconf 78' lang='grc' dir='ltr'>ι</span> 
     </span>
     <span class='ocr_line' id='line_1_7' title="bbox 176 959 1391 1049; baseline 0.007 -25"><span class='ocrx_word' id='word_1_50' title='bbox 176 959 385 1025; x_wconf 73' lang='lat' dir='ltr'>aemulationi</span> <span class='ocrx_word' id='word_1_51' title='bbox 413 961 628 1046; x_wconf 69' lang='lat' dir='ltr'>repugnavit:</span> <span class='ocrx_word' id='word_1_52' title='bbox 662 965 734 1027; x_wconf 91' lang='lat' dir='ltr'>erat</span> <span class='ocrx_word' id='word_1_53' title='bbox 762 962 850 1027; x_wconf 88' lang='lat' dir='ltr'>enim</span> <span class='ocrx_word' id='word_1_54' title='bbox 881 984 984 1049; x_wconf 83' lang='lat' dir='ltr'>prope</span> <span class='ocrx_word' id='word_1_55' title='bbox 1011 966 1144 1031; x_wconf 84' lang='lat' dir='ltr'>totuin</span> <span class='ocrx_word' id='word_1_56' title='bbox 1171 967 1391 1033; x_wconf 74' lang='lat' dir='ltr'>contentione</span> 
     </span>
     <span class='ocr_line' id='line_1_8' title="bbox 175 1062 1392 1153; baseline 0.007 -26"><span class='ocrx_word' id='word_1_57' title='bbox 175 1062 316 1128; x_wconf 85' lang='lat' dir='ltr'>dicendi.</span> <span class='ocrx_word' id='word_1_58' title='bbox 343 1063 429 1149; x_wconf 91' lang='lat' dir='ltr'>quod</span> <span class='ocrx_word' id='word_1_59' title='bbox 438 1084 490 1129; x_wconf 92' lang='lat' dir='ltr'>me</span> <span class='ocrx_word' id='word_1_60' title='bbox 507 1063 627 1149; x_wconf 79' lang='lat' dir='ltr'>longae</span> <span class='ocrx_word' id='word_1_61' title='bbox 638 1064 782 1129; x_wconf 79' lang='lat' dir='ltr'>desidiae</span> <span class='ocrx_word' id='word_1_62' title='bbox 797 1064 1050 1133; x_wconf 74' lang='lat' dir='ltr'>indormientem</span> <span class='ocrx_word' id='word_1_63' title='bbox 1064 1068 1230 1153; x_wconf 80' lang='lat' dir='ltr'>excitavit,</span> <span class='ocrx_word' id='word_1_64' title='bbox 1245 1070 1277 1135; x_wconf 90' lang='lat' dir='ltr'>si</span> <span class='ocrx_word' id='word_1_65' title='bbox 1286 1070 1392 1135; x_wconf 85' lang='lat' dir='ltr'>ruodo</span> 
     </span>
     <span class='ocr_line' id='line_1_9' title="bbox 143 1164 1392 1251; baseline 0.006 -21"><span class='ocrx_word' id='word_1_66' title='bbox 143 1164 203 1237; x_wconf 82' lang='lat' dir='ltr'>4is</span> <span class='ocrx_word' id='word_1_67' title='bbox 224 1188 295 1230; x_wconf 79' lang='lat' dir='ltr'>suni</span> <span class='ocrx_word' id='word_1_68' title='bbox 317 1186 380 1251; x_wconf 80' lang='lat' dir='ltr'>ego</span> <span class='ocrx_word' id='word_1_69' title='bbox 402 1166 457 1250; x_wconf 90' lang='lat' dir='ltr'>qui</span> <span class='ocrx_word' id='word_1_70' title='bbox 472 1166 608 1232; x_wconf 84' lang='lat' dir='ltr'>excitari</span> <span class='ocrx_word' id='word_1_71' title='bbox 622 1167 755 1251; x_wconf 89' lang='lat' dir='ltr'>possim.</span> <span class='ocrx_word' id='word_1_72' title='bbox 795 1188 864 1233; x_wconf 90' lang='lat' dir='ltr'>uon</span> <span class='ocrx_word' id='word_1_73' title='bbox 882 1170 995 1235; x_wconf 86' lang='lat' dir='ltr'>tumen</span> <span class='ocrx_word' id='word_1_74' title='bbox 1009 1169 1144 1235; x_wconf 88' lang='lat' dir='ltr'>omnino</span> <span class='ocrx_word' id='word_1_75' title='bbox 1157 1168 1262 1237; x_wconf 78' lang='lat' dir='ltr'>Marci</span> <span class='ocrx_word' id='word_1_76' title='bbox 1275 1174 1392 1239; x_wconf 87' lang='lat' dir='ltr'>nostri</span> 
     </span>
     <span class='ocr_line' id='line_1_10' title="bbox 175 1267 1390 1355; baseline 0.007 -23"><span class='ocrx_word' id='word_1_77' title='bbox 175 1269 334 1348; x_wconf 81' lang='grc' dir='ltr'>ληκύθου(</span> <span class='ocrx_word' id='word_1_78' title='bbox 354 1268 516 1355; x_wconf 80' lang='lat' dir='ltr'>fugimus,</span> <span class='ocrx_word' id='word_1_79' title='bbox 540 1269 691 1353; x_wconf 73' lang='lat' dir='ltr'>&lt;potiens</span> <span class='ocrx_word' id='word_1_80' title='bbox 710 1267 844 1355; x_wconf 91' lang='lat' dir='ltr'>paulum</span> <span class='ocrx_word' id='word_1_81' title='bbox 864 1270 985 1337; x_wconf 88' lang='lat' dir='ltr'>itinere</span> <span class='ocrx_word' id='word_1_82' title='bbox 1004 1270 1161 1337; x_wconf 82' lang='lat' dir='ltr'>decedere</span> <span class='ocrx_word' id='word_1_83' title='bbox 1180 1292 1249 1338; x_wconf 88' lang='lat' dir='ltr'>uon</span> <span class='ocrx_word' id='word_1_84' title='bbox 1261 1272 1390 1341; x_wconf 81' lang='lat' dir='ltr'>inteni-</span> 
     </span>
     <span class='ocr_line' id='line_1_11' title="bbox 174 1370 1426 1459; baseline 0.009 -25"><span class='ocrx_word' id='word_1_85' title='bbox 174 1370 308 1456; x_wconf 81' lang='lat' dir='ltr'>pestivis</span> <span class='ocrx_word' id='word_1_86' title='bbox 322 1370 575 1437; x_wconf 69' lang='lat' dir='ltr'>amoenitatibus</span> <span class='ocrx_word' id='word_1_87' title='bbox 590 1370 860 1437; x_wconf 76' lang='lat' dir='ltr'>admonebimur:</span> <span class='ocrx_word' id='word_1_88' title='bbox 881 1374 1076 1441; x_wconf 68' lang='lat' dir='ltr'>seruentur</span> <span class='ocrx_word' id='word_1_89' title='bbox 1090 1394 1172 1459; x_wconf 87' lang='lat' dir='ltr'>esse,</span> <span class='ocrx_word' id='word_1_90' title='bbox 1185 1396 1254 1443; x_wconf 89' lang='lat' dir='ltr'>uon</span> <span class='ocrx_word' id='word_1_91' title='bbox 1268 1376 1390 1443; x_wconf 77' lang='lat' dir='ltr'>tristes</span> <span class='ocrx_word' id='word_1_92' title='bbox 1404 1402 1426 1445; x_wconf 86' lang='lat' dir='ltr'>u</span> 
     </span>
     <span class='ocr_line' id='line_1_12' title="bbox 27 1473 1397 1565; baseline -0.001 -22"><span class='ocrx_word' id='word_1_93' title='bbox 27 1489 38 1501; x_wconf 88' lang='lat'>&#39;</span> <span class='ocrx_word' id='word_1_94' title='bbox 143 1473 370 1561; x_wconf 76' lang='lat' dir='ltr'>bvolebanms.</span> <span class='ocrx_word' id='word_1_95' title='bbox 409 1495 473 1541; x_wconf 88' lang='lat' dir='ltr'>nee</span> <span class='ocrx_word' id='word_1_96' title='bbox 494 1476 545 1539; x_wconf 86' lang='lat' dir='ltr'>est</span> <span class='ocrx_word' id='word_1_97' title='bbox 571 1474 656 1559; x_wconf 92' lang='lat' dir='ltr'>quod</span> <span class='ocrx_word' id='word_1_98' title='bbox 677 1476 772 1558; x_wconf 90' lang='lat' dir='ltr'>putes</span> <span class='ocrx_word' id='word_1_99' title='bbox 798 1495 852 1539; x_wconf 89' lang='lat' dir='ltr'>me</span> <span class='ocrx_word' id='word_1_100' title='bbox 872 1475 1017 1542; x_wconf 86' lang='lat' dir='ltr'>subhac</span> <span class='ocrx_word' id='word_1_101' title='bbox 1038 1477 1229 1563; x_wconf 83' lang='lat' dir='ltr'>exceptione</span> <span class='ocrx_word' id='word_1_102' title='bbox 1248 1478 1397 1565; x_wconf 76' lang='lat' dir='ltr'>reniam.</span> 
     </span>
     <span class='ocr_line' id='line_1_13' title="bbox 174 1574 1391 1664; baseline 0.006 -24"><span class='ocrx_word' id='word_1_103' title='bbox 174 1576 358 1661; x_wconf 79' lang='lat' dir='ltr'>postulare..</span> <span class='ocrx_word' id='word_1_104' title='bbox 384 1598 462 1643; x_wconf 86' lang='lat' dir='ltr'>nam</span> <span class='ocrx_word' id='word_1_105' title='bbox 482 1598 547 1662; x_wconf 90' lang='lat' dir='ltr'>quo</span> <span class='ocrx_word' id='word_1_106' title='bbox 566 1574 673 1663; x_wconf 79' lang='lat' dir='ltr'>magis</span> <span class='ocrx_word' id='word_1_107' title='bbox 694 1574 864 1641; x_wconf 87' lang='lat' dir='ltr'>intendam</span> <span class='ocrx_word' id='word_1_108' title='bbox 882 1574 995 1643; x_wconf 89' lang='lat' dir='ltr'>limam</span> <span class='ocrx_word' id='word_1_109' title='bbox 1015 1580 1123 1664; x_wconf 83' lang='grc' dir='ltr'>ιιιιιιιι,</span> <span class='ocrx_word' id='word_1_110' title='bbox 1147 1578 1330 1655; x_wconf 83' lang='lat' dir='ltr'>eoufitebor</span> <span class='ocrx_word' id='word_1_111' title='bbox 1352 1584 1391 1648; x_wconf 90' lang='lat' dir='ltr'>et</span> 
     </span>
     <span class='ocr_line' id='line_1_14' title="bbox 174 1676 1389 1773; baseline 0.006 -30"><span class='ocrx_word' id='word_1_112' title='bbox 174 1680 282 1765; x_wconf 88' lang='lat' dir='ltr'>ipsum</span> <span class='ocrx_word' id='word_1_113' title='bbox 301 1700 355 1745; x_wconf 89' lang='lat' dir='ltr'>me</span> <span class='ocrx_word' id='word_1_114' title='bbox 375 1680 411 1744; x_wconf 91' lang='lat' dir='ltr'>et</span> <span class='ocrx_word' id='word_1_115' title='bbox 431 1676 682 1745; x_wconf 86' lang='lat' dir='ltr'>contubernales</span> <span class='ocrx_word' id='word_1_116' title='bbox 703 1677 746 1743; x_wconf 85' lang='lat' dir='ltr'>ab</span> <span class='ocrx_word' id='word_1_117' title='bbox 767 1676 910 1747; x_wconf 87' lang='lat' dir='ltr'>editione</span> <span class='ocrx_word' id='word_1_118' title='bbox 931 1700 999 1745; x_wconf 94' lang='lat' dir='ltr'>uon</span> <span class='ocrx_word' id='word_1_119' title='bbox 1020 1678 1211 1768; x_wconf 83' lang='lat' dir='ltr'>abliorrere,</span> <span class='ocrx_word' id='word_1_120' title='bbox 1233 1682 1389 1773; x_wconf 81' lang='lat' dir='ltr'>simodo</span> 
     </span>
     <span class='ocr_line' id='line_1_15' title="bbox 145 1779 1387 1865; baseline 0.003 -16"><span class='ocrx_word' id='word_1_121' title='bbox 145 1784 213 1850; x_wconf 80' lang='lat' dir='ltr'>otu</span> <span class='ocrx_word' id='word_1_122' title='bbox 238 1781 380 1847; x_wconf 79' lang='lat' dir='ltr'>fortasse</span> <span class='ocrx_word' id='word_1_123' title='bbox 405 1781 507 1848; x_wconf 90' lang='lat' dir='ltr'>errori</span> <span class='ocrx_word' id='word_1_124' title='bbox 534 1784 648 1847; x_wconf 88' lang='lat' dir='ltr'>nostro</span> <span class='ocrx_word' id='word_1_125' title='bbox 675 1779 786 1845; x_wconf 87' lang='lat' dir='ltr'>album</span> <span class='ocrx_word' id='word_1_126' title='bbox 815 1781 976 1849; x_wconf 72' lang='lat' dir='ltr'>odculum</span> <span class='ocrx_word' id='word_1_127' title='bbox 1002 1782 1170 1851; x_wconf 78' lang='lat' dir='ltr'>adieceris.</span> <span class='ocrx_word' id='word_1_128' title='bbox 1200 1787 1265 1851; x_wconf 73' lang='lat' dir='ltr'>ese</span> <span class='ocrx_word' id='word_1_129' title='bbox 1290 1784 1387 1865; x_wconf 78' lang='lat' dir='ltr'>eninr</span> 
     </span>
     <span class='ocr_line' id='line_1_16' title="bbox 175 1881 1425 1973; baseline 0.003 -22"><span class='ocrx_word' id='word_1_130' title='bbox 175 1884 274 1970; x_wconf 89' lang='lat' dir='ltr'>plane</span> <span class='ocrx_word' id='word_1_131' title='bbox 294 1883 418 1970; x_wconf 88' lang='lat' dir='ltr'>aliquid</span> <span class='ocrx_word' id='word_1_132' title='bbox 438 1882 614 1966; x_wconf 87' lang='lat' dir='ltr'>edendum,</span> <span class='ocrx_word' id='word_1_133' title='bbox 638 1886 735 1968; x_wconf 87' lang='lat' dir='ltr'>atque</span> <span class='ocrx_word' id='word_1_134' title='bbox 749 1882 876 1948; x_wconf 86' lang='lat' dir='ltr'>utinam</span> <span class='ocrx_word' id='word_1_135' title='bbox 889 1881 953 1951; x_wconf 89' lang='lat' dir='ltr'>hoe</span> <span class='ocrx_word' id='word_1_136' title='bbox 965 1885 1172 1971; x_wconf 88' lang='lat' dir='ltr'>potissimum</span> <span class='ocrx_word' id='word_1_137' title='bbox 1184 1886 1271 1973; x_wconf 85' lang='lat' dir='ltr'>quod</span> <span class='ocrx_word' id='word_1_138' title='bbox 1284 1908 1386 1973; x_wconf 83' lang='lat' dir='ltr'>para·</span> <span class='ocrx_word' id='word_1_139' title='bbox 1399 1916 1425 1955; x_wconf 81' lang='lat' dir='ltr'>n</span> 
     </span>
     <span class='ocr_line' id='line_1_17' title="bbox 175 1976 1392 2077; baseline 0.005 -25"><span class='ocrx_word' id='word_1_140' title='bbox 175 1988 247 2052; x_wconf 89' lang='lat' dir='ltr'>tum</span> <span class='ocrx_word' id='word_1_141' title='bbox 273 1988 340 2053; x_wconf 86' lang='lat' dir='ltr'>est!</span> <span class='ocrx_word' id='word_1_142' title='bbox 376 1986 483 2071; x_wconf 91' lang='lat' dir='ltr'>(audis</span> <span class='ocrx_word' id='word_1_143' title='bbox 500 1976 653 2051; x_wconf 83' lang='lat' dir='ltr'>¹desidiae</span> <span class='ocrx_word' id='word_1_144' title='bbox 674 1983 823 2071; x_wconf 70' lang='lat' dir='ltr'>sotumi)</span> <span class='ocrx_word' id='word_1_145' title='bbox 851 1984 1012 2052; x_wconf 86' lang='lat' dir='ltr'>edendum</span> <span class='ocrx_word' id='word_1_146' title='bbox 1040 1991 1149 2055; x_wconf 85' lang='lat' dir='ltr'>nutem</span> <span class='ocrx_word' id='word_1_147' title='bbox 1169 2011 1210 2056; x_wconf 85' lang='lat' dir='ltr'>ex</span> <span class='ocrx_word' id='word_1_148' title='bbox 1231 1989 1392 2077; x_wconf 85' lang='lat' dir='ltr'>pluribus¹</span> 
     </span>
     <span class='ocr_line' id='line_1_18' title="bbox 176 2086 1383 2175; baseline 0.003 -20"><span class='ocrx_word' id='word_1_149' title='bbox 176 2090 298 2174; x_wconf 86' lang='lat' dir='ltr'>causis,</span> <span class='ocrx_word' id='word_1_150' title='bbox 320 2090 462 2155; x_wconf 87' lang='lat' dir='ltr'>maxime</span> <span class='ocrx_word' id='word_1_151' title='bbox 483 2087 568 2175; x_wconf 88' lang='lat' dir='ltr'>quod</span> <span class='ocrx_word' id='word_1_152' title='bbox 589 2086 694 2163; x_wconf 85' lang='lat' dir='ltr'>libelli</span> <span class='ocrx_word' id='word_1_153' title='bbox 712 2109 795 2175; x_wconf 84' lang='lat' dir='ltr'>quos</span> <span class='ocrx_word' id='word_1_154' title='bbox 808 2088 975 2155; x_wconf 87' lang='lat' dir='ltr'>emisimus</span> <span class='ocrx_word' id='word_1_155' title='bbox 995 2090 1151 2157; x_wconf 88' lang='lat' dir='ltr'>dicuntur</span> <span class='ocrx_word' id='word_1_156' title='bbox 1169 2091 1207 2157; x_wconf 89' lang='lat' dir='ltr'>iu</span> <span class='ocrx_word' id='word_1_157' title='bbox 1226 2092 1383 2159; x_wconf 84' lang='lat' dir='ltr'>manibus</span> 
     </span>
     <span class='ocr_line' id='line_1_19' title="bbox 175 2183 1405 2279; baseline 0.005 -22"><span class='ocrx_word' id='word_1_158' title='bbox 175 2214 262 2278; x_wconf 84' lang='lat' dir='ltr'>esse,</span> <span class='ocrx_word' id='word_1_159' title='bbox 285 2192 433 2279; x_wconf 84' lang='lat' dir='ltr'>quamvis</span> <span class='ocrx_word' id='word_1_160' title='bbox 454 2191 521 2256; x_wconf 84' lang='lat' dir='ltr'>lom</span> <span class='ocrx_word' id='word_1_161' title='bbox 539 2189 684 2277; x_wconf 76' lang='lat' dir='ltr'>gretiam</span> <span class='ocrx_word' id='word_1_162' title='bbox 705 2183 862 2256; x_wconf 82' lang='lat' dir='ltr'>novitatis</span> <span class='ocrx_word' id='word_1_163' title='bbox 882 2190 1048 2279; x_wconf 82' lang='lat' dir='ltr'>exuerint3</span> <span class='ocrx_word' id='word_1_164' title='bbox 1074 2193 1140 2261; x_wconf 88' lang='lat' dir='ltr'>nisi</span> <span class='ocrx_word' id='word_1_165' title='bbox 1159 2198 1274 2261; x_wconf 86' lang='lat' dir='ltr'>temen</span> <span class='ocrx_word' id='word_1_166' title='bbox 1294 2197 1405 2263; x_wconf 75' lang='lat' dir='ltr'>auri·</span> 
     </span>
     <span class='ocr_line' id='line_1_20' title="bbox 137 2282 1382 2383; baseline 0.006 -22"><span class='ocrx_word' id='word_1_167' title='bbox 137 2282 140 2287; x_wconf 42' lang='lat'>¹</span> <span class='ocrx_word' id='word_1_168' title='bbox 174 2296 233 2361; x_wconf 92' lang='lat' dir='ltr'>bus</span> <span class='ocrx_word' id='word_1_169' title='bbox 255 2296 376 2361; x_wconf 79' lang='lat' dir='ltr'>nostris</span> <span class='ocrx_word' id='word_1_170' title='bbox 396 2292 590 2380; x_wconf 83' lang='lat' dir='ltr'>bibliopolae</span> <span class='ocrx_word' id='word_1_171' title='bbox 611 2291 835 2359; x_wconf 89' lang='lat' dir='ltr'>blandiuntur.</span> <span class='ocrx_word' id='word_1_172' title='bbox 870 2294 928 2359; x_wconf 90' lang='lat' dir='ltr'>sed</span> <span class='ocrx_word' id='word_1_173' title='bbox 949 2316 1030 2361; x_wconf 90' lang='lat' dir='ltr'>sane</span> <span class='ocrx_word' id='word_1_174' title='bbox 1050 2294 1280 2383; x_wconf 67' lang='lat' dir='ltr'>blandiantur,</span> <span class='ocrx_word' id='word_1_175' title='bbox 1302 2297 1382 2369; x_wconf 81' lang='lat' dir='ltr'>dum</span> 
     </span>
     <span class='ocr_line' id='line_1_21' title="bbox 174 2394 1422 2485; baseline 0.002 -21"><span class='ocrx_word' id='word_1_176' title='bbox 174 2420 233 2485; x_wconf 91' lang='lat' dir='ltr'>per</span> <span class='ocrx_word' id='word_1_177' title='bbox 252 2397 315 2464; x_wconf 88' lang='lat' dir='ltr'>hoo</span> <span class='ocrx_word' id='word_1_178' title='bbox 335 2396 540 2464; x_wconf 85' lang='lat' dir='ltr'>mendacium</span> <span class='ocrx_word' id='word_1_179' title='bbox 562 2394 657 2460; x_wconf 90' lang='lat' dir='ltr'>nobis</span> <span class='ocrx_word' id='word_1_180' title='bbox 679 2395 787 2461; x_wconf 86' lang='lat' dir='ltr'>studia</span> <span class='ocrx_word' id='word_1_181' title='bbox 807 2399 929 2461; x_wconf 88' lang='lat' dir='ltr'>nostra.</span> <span class='ocrx_word' id='word_1_182' title='bbox 943 2397 1181 2467; x_wconf 78' lang='lat' dir='ltr'>commendent</span> <span class='ocrx_word' id='word_1_183' title='bbox 1212 2398 1312 2485; x_wconf 77' lang='lat' dir='ltr'>vtile.¹</span> <span class='ocrx_word' id='word_1_184' title='bbox 1355 2410 1358 2415; x_wconf 85' lang='lat'>&#39;</span> <span class='ocrx_word' id='word_1_185' title='bbox 1392 2429 1422 2467; x_wconf 72' lang='lat' dir='ltr'>a·</span> 
     </span>
    </p>
   </div>
   <div class='ocr_carea' id='block_1_4' title="bbox 73 2656 1382 4638">
    <p class='ocr_par' dir='ltr' id='par_1_4' title="bbox 78 2656 1379 2859">
     <span class='ocr_line' id='line_1_22' title="bbox 78 2656 1378 2726; baseline 0.003 -19"><span class='ocrx_word' id='word_1_186' title='bbox 78 2702 81 2707; x_wconf 91' lang='lat'>.</span> <span class='ocrx_word' id='word_1_187' title='bbox 243 2663 258 2711; x_wconf 92' lang='lat'>1</span> <span class='ocrx_word' id='word_1_188' title='bbox 283 2664 312 2711; x_wconf 87' lang='lat' dir='ltr'>ot</span> <span class='ocrx_word' id='word_1_189' title='bbox 333 2658 415 2725; x_wconf 77' lang='lat' dir='ltr'>legas</span> <span class='ocrx_word' id='word_1_190' title='bbox 437 2660 467 2709; x_wconf 91' lang='lat' dir='ltr'>et</span> <span class='ocrx_word' id='word_1_191' title='bbox 488 2656 601 2721; x_wconf 69' lang='lat' dir='ltr'>relegas</span> <span class='ocrx_word' id='word_1_192' title='bbox 622 2660 652 2707; x_wconf 91' lang='lat' dir='ltr'>et</span> <span class='ocrx_word' id='word_1_193' title='bbox 674 2656 804 2709; x_wconf 87' lang='lat' dir='ltr'>emendes</span> <span class='ocrx_word' id='word_1_194' title='bbox 820 2670 839 2707; x_wconf 86' lang='lat' dir='ltr'>a</span> <span class='ocrx_word' id='word_1_195' title='bbox 916 2672 1049 2724; x_wconf 80' lang='lat' dir='ltr'>umquam</span> <span class='ocrx_word' id='word_1_196' title='bbox 1070 2674 1211 2726; x_wconf 81' lang='lat' dir='ltr'>peraeque</span> <span class='ocrx_word' id='word_1_197' title='bbox 1232 2660 1310 2716; x_wconf 71' lang='lat' dir='ltr'>lte</span> <span class='ocrx_word' id='word_1_198' title='bbox 1329 2675 1378 2711; x_wconf 91' lang='lat' dir='ltr'>uu·</span> 
     </span>
     <span class='ocr_line' id='line_1_23' title="bbox 175 2723 1378 2796; baseline -0.001 -16"><span class='ocrx_word' id='word_1_199' title='bbox 175 2745 256 2795; x_wconf 86' lang='lat' dir='ltr'>quam</span> <span class='ocrx_word' id='word_1_200' title='bbox 268 2729 403 2796; x_wconf 80' lang='lat' dir='ltr'>precipue</span> <span class='ocrx_word' id='word_1_201' title='bbox 416 2743 430 2777; x_wconf 93' lang='lat' dir='ltr'>r</span> <span class='ocrx_word' id='word_1_202' title='bbox 443 2731 508 2776; x_wconf 90' lang='lat' dir='ltr'>aute</span> <span class='ocrx_word' id='word_1_203' title='bbox 520 2740 660 2792; x_wconf 84' lang='lat' dir='ltr'>peraeque</span> <span class='ocrx_word' id='word_1_204' title='bbox 671 2725 764 2789; x_wconf 65' lang='lat' dir='ltr'>Ilipa</span> <span class='ocrx_word' id='word_1_205' title='bbox 796 2728 813 2775; x_wconf 78' lang='lat'><strong>2</strong></span> <span class='ocrx_word' id='word_1_206' title='bbox 825 2723 905 2792; x_wconf 82' lang='grc' dir='ltr'>Ζήλῳ</span> <span class='ocrx_word' id='word_1_207' title='bbox 916 2741 936 2776; x_wconf 92' lang='lat' dir='ltr'>a</span> <span class='ocrx_word' id='word_1_208' title='bbox 947 2727 1007 2778; x_wconf 89' lang='lat' dir='ltr'>selo</span> <span class='ocrx_word' id='word_1_209' title='bbox 1018 2729 1062 2790; x_wconf 70' lang='lat' dir='ltr'>Dp</span> <span class='ocrx_word' id='word_1_210' title='bbox 1079 2727 1144 2778; x_wconf 87' lang='lat' dir='ltr'>stilo</span> <span class='ocrx_word' id='word_1_211' title='bbox 1155 2730 1178 2779; x_wconf 77' lang='grc'>1·</span> <span class='ocrx_word' id='word_1_212' title='bbox 1188 2728 1267 2779; x_wconf 87' lang='lat' dir='ltr'>atillo</span> <span class='ocrx_word' id='word_1_213' title='bbox 1277 2744 1293 2779; x_wconf 95' lang='lat' dir='ltr'>r</span> <span class='ocrx_word' id='word_1_214' title='bbox 1305 2729 1378 2787; x_wconf 82' lang='lat' dir='ltr'>libro</span> 
     </span>
     <span class='ocr_line' id='line_1_24' title="bbox 173 2795 1379 2859; baseline -0.002 -10"><span class='ocrx_word' id='word_1_215' title='bbox 173 2799 209 2859; x_wconf 78' lang='grc' dir='ltr'>Ι,</span> <span class='ocrx_word' id='word_1_216' title='bbox 222 2815 269 2850; x_wconf 81' lang='lat' dir='ltr'>osa</span> <span class='ocrx_word' id='word_1_217' title='bbox 286 2800 314 2847; x_wconf 78' lang='lat' dir='ltr'>is</span> <span class='ocrx_word' id='word_1_218' title='bbox 330 2800 437 2855; x_wconf 74' lang='grc' dir='ltr'>ιιιοιιιια,</span> <span class='ocrx_word' id='word_1_219' title='bbox 454 2796 504 2845; x_wconf 81' lang='lat' dir='ltr'>sed</span> <span class='ocrx_word' id='word_1_220' title='bbox 519 2799 547 2844; x_wconf 84' lang='lat' dir='ltr'>in</span> <span class='ocrx_word' id='word_1_221' title='bbox 563 2810 653 2859; x_wconf 62' lang='lat' dir='ltr'>marp-</span> <span class='ocrx_word' id='word_1_222' title='bbox 663 2796 798 2858; x_wconf 69' lang='lat' dir='ltr'>adempto</span> <span class='ocrx_word' id='word_1_223' title='bbox 815 2795 893 2846; x_wconf 86' lang='lat' dir='ltr'>stillo</span> <span class='ocrx_word' id='word_1_224' title='bbox 909 2795 933 2843; x_wconf 82' lang='lat' dir='ltr'>V</span> <span class='ocrx_word' id='word_1_225' title='bbox 968 2795 1116 2847; x_wconf 83' lang='lat' dir='ltr'>scribsisse</span> <span class='ocrx_word' id='word_1_226' title='bbox 1126 2798 1156 2847; x_wconf 80' lang='grc' dir='ltr'>Ι</span> <span class='ocrx_word' id='word_1_227' title='bbox 1211 2798 1286 2847; x_wconf 88' lang='lat' dir='ltr'>enim</span> <span class='ocrx_word' id='word_1_228' title='bbox 1302 2812 1379 2853; x_wconf 71' lang='lat' dir='ltr'>esur</span> 
     </span>
    </p>

    <p class='ocr_par' dir='ltr' id='par_1_5' title="bbox 173 2861 1380 3135">
     <span class='ocr_line' id='line_1_25' title="bbox 240 2861 1380 2931; baseline -0.002 -13"><span class='ocrx_word' id='word_1_229' title='bbox 240 2869 257 2917; x_wconf 83' lang='grc'>3</span> <span class='ocrx_word' id='word_1_230' title='bbox 276 2864 486 2917; x_wconf 80' lang='lat' dir='ltr'>demosthenem</span> <span class='ocrx_word' id='word_1_231' title='bbox 499 2861 692 2927; x_wconf 83' lang='lat' dir='ltr'>(demostenen</span> <span class='ocrx_word' id='word_1_232' title='bbox 704 2862 738 2926; x_wconf 77' lang='lat' dir='ltr'>u)</span> <span class='ocrx_word' id='word_1_233' title='bbox 755 2877 864 2929; x_wconf 82' lang='lat' dir='ltr'>semper</span> <span class='ocrx_word' id='word_1_234' title='bbox 881 2868 957 2915; x_wconf 86' lang='lat' dir='ltr'>tuum</span> <span class='ocrx_word' id='word_1_235' title='bbox 970 2864 1081 2915; x_wconf 80' lang='lat' dir='ltr'>saluum</span> <span class='ocrx_word' id='word_1_236' title='bbox 1093 2880 1182 2931; x_wconf 83' lang='lat' dir='ltr'>nuper</span> <span class='ocrx_word' id='word_1_237' title='bbox 1194 2880 1283 2916; x_wconf 87' lang='lat' dir='ltr'>meum</span> <span class='ocrx_word' id='word_1_238' title='bbox 1302 2865 1380 2917; x_wconf 90' lang='lat' dir='ltr'>dum·</span> 
     </span>
     <span class='ocr_line' id='line_1_26' title="bbox 173 2929 1379 3000; baseline -0.002 -14"><span class='ocrx_word' id='word_1_239' title='bbox 173 2940 255 2986; x_wconf 81' lang='lat' dir='ltr'>taxat</span> <span class='ocrx_word' id='word_1_240' title='bbox 278 2934 374 3000; x_wconf 73' lang='lat' dir='ltr'>figuris</span> <span class='ocrx_word' id='word_1_241' title='bbox 398 2931 507 2998; x_wconf 75' lang='lat' dir='ltr'>(figuris</span> <span class='ocrx_word' id='word_1_242' title='bbox 529 2930 674 2981; x_wconf 77' lang='lat' dir='ltr'>dumtaxat</span> <span class='ocrx_word' id='word_1_243' title='bbox 690 2929 744 2995; x_wconf 71' lang='grc' dir='ltr'>η)</span> <span class='ocrx_word' id='word_1_244' title='bbox 767 2933 905 2983; x_wconf 87' lang='lat' dir='ltr'>orationis</span> <span class='ocrx_word' id='word_1_245' title='bbox 927 2934 1038 2996; x_wconf 69' lang='lat' dir='ltr'>upra</span> <span class='ocrx_word' id='word_1_246' title='bbox 1058 2934 1242 2986; x_wconf 82' lang='lat' dir='ltr'>demostenen</span> <span class='ocrx_word' id='word_1_247' title='bbox 1268 2948 1379 2999; x_wconf 84' lang='lat' dir='ltr'>semper</span> 
     </span>
     <span class='ocr_line' id='line_1_27' title="bbox 173 2996 1379 3067; baseline -0.001 -13"><span class='ocrx_word' id='word_1_248' title='bbox 173 3010 250 3054; x_wconf 89' lang='lat' dir='ltr'>tuum</span> <span class='ocrx_word' id='word_1_249' title='bbox 267 3018 358 3067; x_wconf 82' lang='lat' dir='ltr'>nuper</span> <span class='ocrx_word' id='word_1_250' title='bbox 374 3015 464 3050; x_wconf 88' lang='lat' dir='ltr'>meum</span> <span class='ocrx_word' id='word_1_251' title='bbox 482 2999 629 3050; x_wconf 79' lang='lat' dir='ltr'>dumtaxat</span> <span class='ocrx_word' id='word_1_252' title='bbox 640 2998 736 3063; x_wconf 82' lang='lat' dir='ltr'>liguris</span> <span class='ocrx_word' id='word_1_253' title='bbox 749 3000 843 3050; x_wconf 87' lang='lat' dir='ltr'>multis</span> <span class='ocrx_word' id='word_1_254' title='bbox 861 2996 950 3067; x_wconf 78' lang='lat' dir='ltr'>(or‘ois</span> <span class='ocrx_word' id='word_1_255' title='bbox 967 3018 1017 3067; x_wconf 83' lang='lat' dir='ltr'>pro</span> <span class='ocrx_word' id='word_1_256' title='bbox 1031 3001 1125 3053; x_wconf 87' lang='lat' dir='ltr'>multis</span> <span class='ocrx_word' id='word_1_257' title='bbox 1141 3003 1244 3053; x_wconf 75' lang='lat' dir='ltr'>necati</span> <span class='ocrx_word' id='word_1_258' title='bbox 1258 3018 1334 3052; x_wconf 69' lang='lat' dir='ltr'>nana</span> <span class='ocrx_word' id='word_1_259' title='bbox 1350 3004 1379 3053; x_wconf 78' lang='lat' dir='ltr'>ia</span> 
     </span>
     <span class='ocr_line' id='line_1_28' title="bbox 173 3066 1379 3135; baseline -0.001 -13"><span class='ocrx_word' id='word_1_260' title='bbox 173 3076 252 3123; x_wconf 75' lang='lat' dir='ltr'>luera</span> <span class='ocrx_word' id='word_1_261' title='bbox 268 3072 292 3120; x_wconf 82' lang='lat' dir='ltr'>V</span> <span class='ocrx_word' id='word_1_262' title='bbox 309 3069 445 3122; x_wconf 83' lang='lat' dir='ltr'>orationis</span> <span class='ocrx_word' id='word_1_263' title='bbox 462 3066 491 3132; x_wconf 80' lang='grc' dir='ltr'>ς)</span> <span class='ocrx_word' id='word_1_264' title='bbox 509 3069 586 3123; x_wconf 67' lang='lat' dir='ltr'>ivs</span> <span class='ocrx_word' id='word_1_265' title='bbox 648 3069 666 3116; x_wconf 85' lang='lat'>4</span> <span class='ocrx_word' id='word_1_266' title='bbox 683 3081 748 3116; x_wconf 85' lang='lat' dir='ltr'>nem</span> <span class='ocrx_word' id='word_1_267' title='bbox 765 3069 823 3118; x_wconf 86' lang='lat' dir='ltr'>uim</span> <span class='ocrx_word' id='word_1_268' title='bbox 840 3074 982 3121; x_wconf 85' lang='lat' dir='ltr'>tantorum</span> <span class='ocrx_word' id='word_1_269' title='bbox 999 3072 1120 3122; x_wconf 76' lang='lat' dir='ltr'>uberum</span> <span class='ocrx_word' id='word_1_270' title='bbox 1137 3071 1221 3135; x_wconf 65' lang='grc' dir='ltr'>»με</span> <span class='ocrx_word' id='word_1_271' title='bbox 1237 3085 1302 3122; x_wconf 88' lang='lat' dir='ltr'>nam</span> <span class='ocrx_word' id='word_1_272' title='bbox 1321 3072 1379 3121; x_wconf 86' lang='lat' dir='ltr'>uim</span> 
     </span>
    </p>

    <p class='ocr_par' dir='ltr' id='par_1_6' title="bbox 605 3136 1293 3186">
     <span class='ocr_line' id='line_1_29' title="bbox 605 3136 1293 3186; baseline 0.012 0"><span class='ocrx_word' id='word_1_273' title='bbox 605 3150 628 3186; x_wconf 94' lang='lat' dir='ltr'>s.</span> <span class='ocrx_word' id='word_1_274' title='bbox 647 3136 795 3186; x_wconf 89' lang='lat' dir='ltr'>materiam</span> <span class='ocrx_word' id='word_1_275' title='bbox 1290 3143 1293 3147; x_wconf 80' lang='grc'><strong>’</strong></span> 
     </span>
    </p>

    <p class='ocr_par' dir='ltr' id='par_1_7' title="bbox 73 3202 1382 4162">
     <span class='ocr_line' id='line_1_30' title="bbox 174 3202 1381 3275; baseline 0 -15"><span class='ocrx_word' id='word_1_276' title='bbox 174 3213 284 3261; x_wconf 71' lang='lat' dir='ltr'>uotam</span> <span class='ocrx_word' id='word_1_277' title='bbox 301 3207 447 3261; x_wconf 86' lang='lat' dir='ltr'>uerborum</span> <span class='ocrx_word' id='word_1_278' title='bbox 459 3205 536 3261; x_wconf 71' lang='grc' dir='ltr'>Ιῖς</span> <span class='ocrx_word' id='word_1_279' title='bbox 553 3204 708 3255; x_wconf 79' lang='lat' dir='ltr'>Tantorum</span> <span class='ocrx_word' id='word_1_280' title='bbox 724 3204 848 3256; x_wconf 88' lang='lat' dir='ltr'>uirorum</span> <span class='ocrx_word' id='word_1_281' title='bbox 866 3202 928 3271; x_wconf 83' lang='lat' dir='ltr'>(osi.</span> <span class='ocrx_word' id='word_1_282' title='bbox 944 3220 1010 3257; x_wconf 87' lang='lat' dir='ltr'>nam</span> <span class='ocrx_word' id='word_1_283' title='bbox 1027 3206 1095 3272; x_wconf 82' lang='lat' dir='ltr'>vim)</span> <span class='ocrx_word' id='word_1_284' title='bbox 1112 3209 1136 3257; x_wconf 78' lang='lat'>1</span> <span class='ocrx_word' id='word_1_285' title='bbox 1204 3206 1381 3275; x_wconf 75' lang='lat' dir='ltr'>pensiones</span> 
     </span>
     <span class='ocr_line' id='line_1_31' title="bbox 174 3273 1381 3343; baseline -0.002 -13"><span class='ocrx_word' id='word_1_286' title='bbox 174 3292 282 3342; x_wconf 88' lang='lat' dir='ltr'>aequus</span> <span class='ocrx_word' id='word_1_287' title='bbox 300 3276 408 3328; x_wconf 88' lang='lat' dir='ltr'>amauit</span> <span class='ocrx_word' id='word_1_288' title='bbox 424 3276 473 3341; x_wconf 88' lang='lat' dir='ltr'>qui</span> <span class='ocrx_word' id='word_1_289' title='bbox 490 3278 607 3341; x_wconf 85' lang='lat' dir='ltr'>possunt</span> <span class='ocrx_word' id='word_1_290' title='bbox 617 3273 673 3321; x_wconf 69' lang='lat' dir='ltr'>lv</span> <span class='ocrx_word' id='word_1_291' title='bbox 691 3274 774 3337; x_wconf 86' lang='lat' dir='ltr'>penei</span> <span class='ocrx_word' id='word_1_292' title='bbox 796 3288 866 3339; x_wconf 88' lang='lat' dir='ltr'>quos</span> <span class='ocrx_word' id='word_1_293' title='bbox 884 3290 991 3342; x_wconf 84' lang='lat' dir='ltr'>aequus</span> <span class='ocrx_word' id='word_1_294' title='bbox 1011 3277 1121 3327; x_wconf 81' lang='lat' dir='ltr'>amauit</span> <span class='ocrx_word' id='word_1_295' title='bbox 1136 3276 1247 3343; x_wconf 83' lang='lat' dir='ltr'>Iupiter</span> <span class='ocrx_word' id='word_1_296' title='bbox 1262 3277 1381 3343; x_wconf 80' lang='lat' dir='ltr'>assequi</span> 
     </span>
     <span class='ocr_line' id='line_1_32' title="bbox 174 3340 1379 3413; baseline -0.002 -15"><span class='ocrx_word' id='word_1_297' title='bbox 174 3351 317 3412; x_wconf 82' lang='lat' dir='ltr'>possuntp</span> <span class='ocrx_word' id='word_1_298' title='bbox 335 3344 420 3413; x_wconf 86' lang='lat' dir='ltr'>penei</span> <span class='ocrx_word' id='word_1_299' title='bbox 433 3358 502 3409; x_wconf 89' lang='lat' dir='ltr'>quos</span> <span class='ocrx_word' id='word_1_300' title='bbox 521 3357 625 3407; x_wconf 86' lang='lat' dir='ltr'>aequos</span> <span class='ocrx_word' id='word_1_301' title='bbox 643 3340 761 3406; x_wconf 87' lang='lat' dir='ltr'>(aequae</span> <span class='ocrx_word' id='word_1_302' title='bbox 779 3342 825 3407; x_wconf 87' lang='lat' dir='ltr'>ra)</span> <span class='ocrx_word' id='word_1_303' title='bbox 837 3370 839 3374; x_wconf 40' lang='lat' dir='ltr'>v</span> <span class='ocrx_word' id='word_1_304' title='bbox 850 3343 968 3409; x_wconf 86' lang='lat' dir='ltr'>adsequi</span> <span class='ocrx_word' id='word_1_305' title='bbox 986 3349 1101 3411; x_wconf 87' lang='lat' dir='ltr'>possunt</span> <span class='ocrx_word' id='word_1_306' title='bbox 1117 3346 1181 3395; x_wconf 80' lang='lat' dir='ltr'>lira</span> <span class='ocrx_word' id='word_1_307' title='bbox 1198 3344 1283 3411; x_wconf 87' lang='lat' dir='ltr'>pauoi</span> <span class='ocrx_word' id='word_1_308' title='bbox 1300 3346 1379 3411; x_wconf 87' lang='lat' dir='ltr'>equi-</span> 
     </span>
     <span class='ocr_line' id='line_1_33' title="bbox 173 3411 1381 3481; baseline 0 -16"><span class='ocrx_word' id='word_1_309' title='bbox 173 3417 229 3466; x_wconf 89' lang='lat' dir='ltr'>tius</span> <span class='ocrx_word' id='word_1_310' title='bbox 246 3413 364 3479; x_wconf 77' lang='lat' dir='ltr'>adsequi</span> <span class='ocrx_word' id='word_1_311' title='bbox 381 3417 497 3481; x_wconf 85' lang='lat' dir='ltr'>possunt</span> <span class='ocrx_word' id='word_1_312' title='bbox 513 3416 607 3462; x_wconf 82' lang='lat' dir='ltr'>lacuna</span> <span class='ocrx_word' id='word_1_313' title='bbox 624 3412 651 3461; x_wconf 79' lang='lat' dir='ltr'>ia</span> <span class='ocrx_word' id='word_1_314' title='bbox 667 3411 689 3459; x_wconf 71' lang='lat' dir='ltr'>r</span> <span class='ocrx_word' id='word_1_315' title='bbox 705 3417 766 3474; x_wconf 82' lang='lat' dir='ltr'>post</span> <span class='ocrx_word' id='word_1_316' title='bbox 789 3412 872 3476; x_wconf 86' lang='lat' dir='ltr'>pauci</span> <span class='ocrx_word' id='word_1_317' title='bbox 888 3415 984 3463; x_wconf 79' lang='lat' dir='ltr'>reticio</span> <span class='ocrx_word' id='word_1_318' title='bbox 1000 3414 1025 3463; x_wconf 72' lang='grc'><strong><em>1</em></strong></span> <span class='ocrx_word' id='word_1_319' title='bbox 1046 3414 1167 3467; x_wconf 82' lang='lat' dir='ltr'>Itieeard.</span> <span class='ocrx_word' id='word_1_320' title='bbox 1189 3414 1238 3478; x_wconf 88' lang='lat' dir='ltr'>qui</span> <span class='ocrx_word' id='word_1_321' title='bbox 1259 3420 1381 3479; x_wconf 71' lang='lat' dir='ltr'>possum</span> 
     </span>
     <span class='ocr_line' id='line_1_34' title="bbox 172 3477 1380 3550; baseline -0.001 -15"><span class='ocrx_word' id='word_1_322' title='bbox 172 3485 328 3550; x_wconf 68' lang='lat' dir='ltr'>Pomponius</span> <span class='ocrx_word' id='word_1_323' title='bbox 344 3484 445 3535; x_wconf 77' lang='lat' dir='ltr'>boetus</span> <span class='ocrx_word' id='word_1_324' title='bbox 461 3481 510 3546; x_wconf 86' lang='lat' dir='ltr'>qui</span> <span class='ocrx_word' id='word_1_325' title='bbox 527 3494 638 3545; x_wconf 91' lang='lat' dir='ltr'>possum</span> <span class='ocrx_word' id='word_1_326' title='bbox 647 3477 811 3528; x_wconf 80' lang='lat' dir='ltr'>Beroaldus:</span> <span class='ocrx_word' id='word_1_327' title='bbox 833 3481 912 3545; x_wconf 79' lang='lat' dir='ltr'>Verp.</span> <span class='ocrx_word' id='word_1_328' title='bbox 930 3483 999 3533; x_wconf 69' lang='lat' dir='ltr'>elea.</span> <span class='ocrx_word' id='word_1_329' title='bbox 1014 3481 1059 3531; x_wconf 80' lang='lat' dir='ltr'>V!</span> <span class='ocrx_word' id='word_1_330' title='bbox 1075 3484 1127 3531; x_wconf 77' lang='lat'>129</span> <span class='ocrx_word' id='word_1_331' title='bbox 1195 3483 1213 3531; x_wconf 81' lang='lat'><strong>6</strong></span> <span class='ocrx_word' id='word_1_332' title='bbox 1230 3482 1380 3534; x_wconf 87' lang='lat' dir='ltr'>materiam</span> 
     </span>
     <span class='ocr_line' id='line_1_35' title="bbox 172 3546 1381 3618; baseline -0.002 -15"><span class='ocrx_word' id='word_1_333' title='bbox 172 3552 229 3602; x_wconf 70' lang='lat' dir='ltr'>IV</span> <span class='ocrx_word' id='word_1_334' title='bbox 292 3547 342 3618; x_wconf 83' lang='lat' dir='ltr'>ne]</span> <span class='ocrx_word' id='word_1_335' title='bbox 360 3566 412 3603; x_wconf 88' lang='lat' dir='ltr'>nee</span> <span class='ocrx_word' id='word_1_336' title='bbox 428 3565 443 3599; x_wconf 88' lang='lat' dir='ltr'>r</span> <span class='ocrx_word' id='word_1_337' title='bbox 512 3549 529 3599; x_wconf 77' lang='lat' dir='ltr'>b</span> <span class='ocrx_word' id='word_1_338' title='bbox 546 3547 734 3599; x_wconf 84' lang='lat' dir='ltr'>aemulatione</span> <span class='ocrx_word' id='word_1_339' title='bbox 751 3547 807 3595; x_wconf 71' lang='lat' dir='ltr'>lv</span> <span class='ocrx_word' id='word_1_340' title='bbox 880 3551 897 3599; x_wconf 84' lang='lat'>8</span> <span class='ocrx_word' id='word_1_341' title='bbox 916 3563 969 3613; x_wconf 73' lang='lat' dir='ltr'>ego</span> <span class='ocrx_word' id='word_1_342' title='bbox 986 3566 1034 3601; x_wconf 80' lang='lat' dir='ltr'>ose.</span> <span class='ocrx_word' id='word_1_343' title='bbox 1052 3550 1095 3600; x_wconf 76' lang='lat' dir='ltr'>Dr</span> <span class='ocrx_word' id='word_1_344' title='bbox 1170 3546 1229 3615; x_wconf 87' lang='lat' dir='ltr'>qui]</span> <span class='ocrx_word' id='word_1_345' title='bbox 1248 3554 1283 3600; x_wconf 87' lang='lat' dir='ltr'>ut</span> <span class='ocrx_word' id='word_1_346' title='bbox 1297 3552 1381 3607; x_wconf 69' lang='lat' dir='ltr'><strong>lvo.-</strong></span> 
     </span>
     <span class='ocr_line' id='line_1_36' title="bbox 241 3613 1381 3687; baseline -0.002 -15"><span class='ocrx_word' id='word_1_347' title='bbox 241 3634 385 3687; x_wconf 86' lang='lat' dir='ltr'>posaumr</span> <span class='ocrx_word' id='word_1_348' title='bbox 463 3617 554 3670; x_wconf 80' lang='lat' dir='ltr'>Masei</span> <span class='ocrx_word' id='word_1_349' title='bbox 576 3614 665 3668; x_wconf 88' lang='lat' dir='ltr'>nostri</span> <span class='ocrx_word' id='word_1_350' title='bbox 682 3613 746 3678; x_wconf 72' lang='lat' dir='ltr'>(rsit</span> <span class='ocrx_word' id='word_1_351' title='bbox 767 3617 829 3666; x_wconf 82' lang='lat' dir='ltr'>add.</span> <span class='ocrx_word' id='word_1_352' title='bbox 847 3617 876 3681; x_wconf 85' lang='grc' dir='ltr'>ς)</span> <span class='ocrx_word' id='word_1_353' title='bbox 899 3616 1044 3681; x_wconf 73' lang='grc' dir='ltr'>ληκύθου(</span> <span class='ocrx_word' id='word_1_354' title='bbox 1060 3620 1185 3683; x_wconf 73' lang='lat' dir='ltr'>fugimus</span> <span class='ocrx_word' id='word_1_355' title='bbox 1202 3619 1268 3673; x_wconf 70' lang='lat' dir='ltr'>rsa</span> <span class='ocrx_word' id='word_1_356' title='bbox 1285 3619 1381 3673; x_wconf 75' lang='lat' dir='ltr'>Masei</span> 
     </span>
     <span class='ocr_line' id='line_1_37' title="bbox 173 3684 1382 3756; baseline -0.002 -14"><span class='ocrx_word' id='word_1_357' title='bbox 173 3688 315 3756; x_wconf 72' lang='grc' dir='ltr'>ληκύθου(</span> <span class='ocrx_word' id='word_1_358' title='bbox 333 3689 456 3755; x_wconf 74' lang='lat' dir='ltr'>sugimus</span> <span class='ocrx_word' id='word_1_359' title='bbox 473 3687 544 3736; x_wconf 79' lang='lat' dir='ltr'>illl.</span> <span class='ocrx_word' id='word_1_360' title='bbox 564 3685 653 3737; x_wconf 88' lang='lat' dir='ltr'>nostri</span> <span class='ocrx_word' id='word_1_361' title='bbox 673 3684 775 3746; x_wconf 77' lang='lat' dir='ltr'>(ilorci</span> <span class='ocrx_word' id='word_1_362' title='bbox 792 3686 914 3749; x_wconf 82' lang='lat' dir='ltr'>nostris)</span> <span class='ocrx_word' id='word_1_363' title='bbox 933 3688 1055 3749; x_wconf 70' lang='lat' dir='ltr'>sopimus</span> <span class='ocrx_word' id='word_1_364' title='bbox 1071 3690 1166 3738; x_wconf 74' lang='grc' dir='ltr'>ἱαειιιια</span> <span class='ocrx_word' id='word_1_365' title='bbox 1178 3694 1240 3738; x_wconf 77' lang='lat' dir='ltr'>unte</span> <span class='ocrx_word' id='word_1_366' title='bbox 1252 3688 1382 3753; x_wconf 74' lang='lat' dir='ltr'>fugimus</span> 
     </span>
     <span class='ocr_line' id='line_1_38' title="bbox 173 3752 1382 3823; baseline -0.001 -13"><span class='ocrx_word' id='word_1_367' title='bbox 173 3762 266 3810; x_wconf 77' lang='lat' dir='ltr'>reticio</span> <span class='ocrx_word' id='word_1_368' title='bbox 282 3772 318 3823; x_wconf 85' lang='lat' dir='ltr'>pr</span> <span class='ocrx_word' id='word_1_369' title='bbox 335 3758 459 3808; x_wconf 85' lang='lat' dir='ltr'>marcino</span> <span class='ocrx_word' id='word_1_370' title='bbox 477 3755 517 3806; x_wconf 90' lang='lat' dir='ltr'>ibi</span> <span class='ocrx_word' id='word_1_371' title='bbox 536 3752 687 3818; x_wconf 76' lang='lat' dir='ltr'>(martinos</span> <span class='ocrx_word' id='word_1_372' title='bbox 704 3752 739 3818; x_wconf 72' lang='grc' dir='ltr'>ἵ)</span> <span class='ocrx_word' id='word_1_373' title='bbox 757 3753 896 3819; x_wconf 78' lang='lat' dir='ltr'>fugiamus</span> <span class='ocrx_word' id='word_1_374' title='bbox 914 3755 985 3804; x_wconf 70' lang='lat' dir='ltr'>lu:</span> <span class='ocrx_word' id='word_1_375' title='bbox 1003 3757 1039 3817; x_wconf 76' lang='lat' dir='ltr'>es.</span> <span class='ocrx_word' id='word_1_376' title='bbox 1060 3756 1112 3809; x_wconf 77' lang='lat' dir='ltr'>Gis.</span> <span class='ocrx_word' id='word_1_377' title='bbox 1131 3757 1169 3806; x_wconf 80' lang='lat' dir='ltr'>od</span> <span class='ocrx_word' id='word_1_378' title='bbox 1185 3757 1243 3805; x_wconf 83' lang='lat' dir='ltr'>Au.</span> <span class='ocrx_word' id='word_1_379' title='bbox 1261 3755 1281 3806; x_wconf 86' lang='lat'><em>1</em></span> <span class='ocrx_word' id='word_1_380' title='bbox 1296 3758 1342 3814; x_wconf 79' lang='lat' dir='ltr'>u.</span> <span class='ocrx_word' id='word_1_381' title='bbox 1361 3760 1382 3809; x_wconf 77' lang='lat'><em>3</em></span> 
     </span>
     <span class='ocr_line' id='line_1_39' title="bbox 241 3821 1382 3893; baseline -0.003 -14"><span class='ocrx_word' id='word_1_382' title='bbox 241 3828 407 3893; x_wconf 70' lang='lat' dir='ltr'>iquotiens</span> <span class='ocrx_word' id='word_1_383' title='bbox 429 3823 543 3892; x_wconf 88' lang='lat' dir='ltr'>paulum</span> <span class='ocrx_word' id='word_1_384' title='bbox 566 3823 668 3872; x_wconf 88' lang='lat' dir='ltr'>itinere</span> <span class='ocrx_word' id='word_1_385' title='bbox 690 3821 827 3872; x_wconf 86' lang='lat' dir='ltr'>decedere</span> <span class='ocrx_word' id='word_1_386' title='bbox 849 3837 906 3873; x_wconf 91' lang='lat' dir='ltr'>uon</span> <span class='ocrx_word' id='word_1_387' title='bbox 926 3824 1134 3890; x_wconf 83' lang='lat' dir='ltr'>intempestiuis</span> <span class='ocrx_word' id='word_1_388' title='bbox 1155 3826 1382 3877; x_wconf 84' lang='lat' dir='ltr'>amoenitatibus</span> 
     </span>
     <span class='ocr_line' id='line_1_40' title="bbox 174 3890 1380 3958; baseline -0.002 -10"><span class='ocrx_word' id='word_1_389' title='bbox 174 3896 393 3948; x_wconf 69' lang='lat' dir='ltr'>admonebimur</span> <span class='ocrx_word' id='word_1_390' title='bbox 409 3890 657 3958; x_wconf 81' lang='lat' dir='ltr'>(submonebamur</span> <span class='ocrx_word' id='word_1_391' title='bbox 674 3890 702 3952; x_wconf 83' lang='grc' dir='ltr'>ς)</span> <span class='ocrx_word' id='word_1_392' title='bbox 720 3891 836 3953; x_wconf 69' lang='lat' dir='ltr'>illiue·</span> <span class='ocrx_word' id='word_1_393' title='bbox 853 3898 884 3941; x_wconf 93' lang='lat' dir='ltr'>ut</span> <span class='ocrx_word' id='word_1_394' title='bbox 901 3893 987 3942; x_wconf 87' lang='lat' dir='ltr'>etiam</span> <span class='ocrx_word' id='word_1_395' title='bbox 1011 3896 1054 3954; x_wconf 74' lang='lat' dir='ltr'>(ut</span> <span class='ocrx_word' id='word_1_396' title='bbox 1071 3893 1129 3943; x_wconf 89' lang='lat' dir='ltr'>iam</span> <span class='ocrx_word' id='word_1_397' title='bbox 1145 3890 1173 3957; x_wconf 88' lang='lat' dir='ltr'>r)</span> <span class='ocrx_word' id='word_1_398' title='bbox 1190 3892 1306 3958; x_wconf 83' lang='lat' dir='ltr'>paulum</span> <span class='ocrx_word' id='word_1_399' title='bbox 1326 3895 1380 3945; x_wconf 90' lang='lat' dir='ltr'>ite-</span> 
     </span>
     <span class='ocr_line' id='line_1_41' title="bbox 173 3959 1380 4029; baseline -0.002 -12"><span class='ocrx_word' id='word_1_400' title='bbox 173 3981 241 4017; x_wconf 87' lang='lat' dir='ltr'>nere</span> <span class='ocrx_word' id='word_1_401' title='bbox 259 3963 384 4016; x_wconf 82' lang='lat' dir='ltr'>eedendo</span> <span class='ocrx_word' id='word_1_402' title='bbox 398 3961 606 4026; x_wconf 89' lang='lat' dir='ltr'>intempestiuis</span> <span class='ocrx_word' id='word_1_403' title='bbox 618 3959 837 4010; x_wconf 86' lang='lat' dir='ltr'>amoenitatibus</span> <span class='ocrx_word' id='word_1_404' title='bbox 854 3959 1050 4012; x_wconf 86' lang='lat' dir='ltr'>submonemur</span> <span class='ocrx_word' id='word_1_405' title='bbox 1060 3962 1135 4010; x_wconf 64' lang='lat' dir='ltr'>{Vr</span> <span class='ocrx_word' id='word_1_406' title='bbox 1151 3965 1183 4011; x_wconf 90' lang='lat' dir='ltr'>nt</span> <span class='ocrx_word' id='word_1_407' title='bbox 1200 3962 1289 4011; x_wconf 88' lang='lat' dir='ltr'>etiam</span> <span class='ocrx_word' id='word_1_408' title='bbox 1307 3978 1380 4029; x_wconf 89' lang='lat' dir='ltr'>pau·</span> 
     </span>
     <span class='ocr_line' id='line_1_42' title="bbox 73 4027 1382 4096; baseline -0.002 -11"><span class='ocrx_word' id='word_1_409' title='bbox 73 4040 84 4051; x_wconf 79' lang='lat'><em>⁶</em></span> <span class='ocrx_word' id='word_1_410' title='bbox 174 4034 231 4085; x_wconf 89' lang='lat' dir='ltr'>lum</span> <span class='ocrx_word' id='word_1_411' title='bbox 256 4033 292 4084; x_wconf 88' lang='lat' dir='ltr'>de</span> <span class='ocrx_word' id='word_1_412' title='bbox 317 4033 436 4096; x_wconf 88' lang='lat' dir='ltr'>itinere,</span> <span class='ocrx_word' id='word_1_413' title='bbox 462 4028 587 4080; x_wconf 83' lang='lat' dir='ltr'>cedendo</span> <span class='ocrx_word' id='word_1_414' title='bbox 614 4043 670 4077; x_wconf 90' lang='lat' dir='ltr'>non</span> <span class='ocrx_word' id='word_1_415' title='bbox 693 4027 901 4093; x_wconf 87' lang='lat' dir='ltr'>intempestivis</span> <span class='ocrx_word' id='word_1_416' title='bbox 924 4030 1157 4086; x_wconf 86' lang='lat' dir='ltr'>amoenitatibus.</span> <span class='ocrx_word' id='word_1_417' title='bbox 1181 4029 1382 4083; x_wconf 79' lang='lat' dir='ltr'>submovemur</span> 
     </span>
     <span class='ocr_line' id='line_1_43' title="bbox 172 4097 1381 4162; baseline -0.002 -8"><span class='ocrx_word' id='word_1_418' title='bbox 172 4104 282 4154; x_wconf 67' lang='lat' dir='ltr'>content</span> <span class='ocrx_word' id='word_1_419' title='bbox 300 4102 402 4153; x_wconf 75' lang='lat' dir='ltr'>Coretus</span> <span class='ocrx_word' id='word_1_420' title='bbox 472 4101 504 4150; x_wconf 89' lang='lat'>10</span> <span class='ocrx_word' id='word_1_421' title='bbox 522 4111 601 4147; x_wconf 87' lang='lat' dir='ltr'>soree</span> <span class='ocrx_word' id='word_1_422' title='bbox 624 4097 697 4146; x_wconf 89' lang='lat' dir='ltr'>enim</span> <span class='ocrx_word' id='word_1_423' title='bbox 716 4111 771 4146; x_wconf 88' lang='lat' dir='ltr'>non</span> <span class='ocrx_word' id='word_1_424' title='bbox 792 4097 889 4147; x_wconf 87' lang='lat' dir='ltr'>tristes</span> <span class='ocrx_word' id='word_1_425' title='bbox 912 4113 975 4148; x_wconf 89' lang='lat' dir='ltr'>osse</span> <span class='ocrx_word' id='word_1_426' title='bbox 998 4098 1163 4149; x_wconf 83' lang='lat' dir='ltr'>nolebamus</span> <span class='ocrx_word' id='word_1_427' title='bbox 1179 4098 1263 4162; x_wconf 66' lang='lat' dir='ltr'>rer*</span> <span class='ocrx_word' id='word_1_428' title='bbox 1282 4102 1381 4153; x_wconf 83' lang='lat' dir='ltr'>aerius</span> 
     </span>
    </p>

    <p class='ocr_par' dir='ltr' id='par_1_8' title="bbox 170 4165 1379 4365">
     <span class='ocr_line' id='line_1_44' title="bbox 175 4165 1309 4230; baseline -0.005 -7"><span class='ocrx_word' id='word_1_429' title='bbox 175 4172 249 4223; x_wconf 85' lang='lat' dir='ltr'>euim</span> <span class='ocrx_word' id='word_1_430' title='bbox 266 4186 322 4221; x_wconf 91' lang='lat' dir='ltr'>non</span> <span class='ocrx_word' id='word_1_431' title='bbox 340 4170 450 4220; x_wconf 88' lang='lat' dir='ltr'>tristius</span> <span class='ocrx_word' id='word_1_432' title='bbox 468 4165 596 4218; x_wconf 89' lang='lat' dir='ltr'>uolebam</span> <span class='ocrx_word' id='word_1_433' title='bbox 614 4165 636 4213; x_wconf 82' lang='lat'>1&gt;</span> <span class='ocrx_word' id='word_1_434' title='bbox 707 4167 738 4214; x_wconf 70' lang='lat'>12</span> <span class='ocrx_word' id='word_1_435' title='bbox 756 4181 820 4214; x_wconf 87' lang='lat' dir='ltr'>nam</span> <span class='ocrx_word' id='word_1_436' title='bbox 837 4165 969 4220; x_wconf 69' lang='lat' dir='ltr'>libas</span> <span class='ocrx_word' id='word_1_437' title='bbox 986 4182 1041 4219; x_wconf 90' lang='lat' dir='ltr'>non</span> <span class='ocrx_word' id='word_1_438' title='bbox 1059 4169 1081 4216; x_wconf 74' lang='lat' dir='ltr'>r</span> <span class='ocrx_word' id='word_1_439' title='bbox 1100 4168 1181 4217; x_wconf 88' lang='lat' dir='ltr'>immo</span> <span class='ocrx_word' id='word_1_440' title='bbox 1198 4181 1215 4230; x_wconf 87' lang='lat' dir='ltr'>p</span> <span class='ocrx_word' id='word_1_441' title='bbox 1234 4168 1277 4217; x_wconf 83' lang='lat' dir='ltr'>ita</span> <span class='ocrx_word' id='word_1_442' title='bbox 1294 4181 1309 4217; x_wconf 91' lang='lat' dir='ltr'>r</span> 
     </span>
     <span class='ocr_line' id='line_1_45' title="bbox 171 4232 1378 4303; baseline -0.001 -12"><span class='ocrx_word' id='word_1_443' title='bbox 171 4237 318 4292; x_wconf 83' lang='lat' dir='ltr'>incendam</span> <span class='ocrx_word' id='word_1_444' title='bbox 336 4254 353 4303; x_wconf 84' lang='lat' dir='ltr'>p</span> <span class='ocrx_word' id='word_1_445' title='bbox 423 4236 558 4288; x_wconf 86' lang='lat' dir='ltr'>confiteor</span> <span class='ocrx_word' id='word_1_446' title='bbox 573 4248 600 4283; x_wconf 90' lang='lat' dir='ltr'>r:</span> <span class='ocrx_word' id='word_1_447' title='bbox 624 4232 778 4284; x_wconf 82' lang='lat' dir='ltr'>confitebor</span> <span class='ocrx_word' id='word_1_448' title='bbox 795 4234 835 4284; x_wconf 87' lang='lat' dir='ltr'>Te</span> <span class='ocrx_word' id='word_1_449' title='bbox 859 4237 947 4300; x_wconf 89' lang='lat' dir='ltr'>ipsum</span> <span class='ocrx_word' id='word_1_450' title='bbox 968 4241 997 4285; x_wconf 90' lang='lat' dir='ltr'>et</span> <span class='ocrx_word' id='word_1_451' title='bbox 1014 4236 1229 4287; x_wconf 83' lang='lat' dir='ltr'>contubernales</span> <span class='ocrx_word' id='word_1_452' title='bbox 1241 4237 1279 4287; x_wconf 88' lang='lat' dir='ltr'>ab</span> <span class='ocrx_word' id='word_1_453' title='bbox 1298 4239 1378 4291; x_wconf 86' lang='lat' dir='ltr'>aedi·</span> 
     </span>
     <span class='ocr_line' id='line_1_46' title="bbox 170 4302 1379 4365; baseline -0.001 -5"><span class='ocrx_word' id='word_1_454' title='bbox 170 4310 247 4362; x_wconf 88' lang='lat' dir='ltr'>tione</span> <span class='ocrx_word' id='word_1_455' title='bbox 267 4308 440 4361; x_wconf 70' lang='lat' dir='ltr'>abhorreo!</span> <span class='ocrx_word' id='word_1_456' title='bbox 521 4305 554 4354; x_wconf 88' lang='grc'>13</span> <span class='ocrx_word' id='word_1_457' title='bbox 573 4302 652 4353; x_wconf 91' lang='lat' dir='ltr'>modo</span> <span class='ocrx_word' id='word_1_458' title='bbox 675 4308 705 4352; x_wconf 91' lang='lat' dir='ltr'>tu</span> <span class='ocrx_word' id='word_1_459' title='bbox 727 4303 844 4365; x_wconf 66' lang='lat' dir='ltr'>illusa</span> <span class='ocrx_word' id='word_1_460' title='bbox 862 4302 944 4354; x_wconf 91' lang='lat' dir='ltr'>modo</span> <span class='ocrx_word' id='word_1_461' title='bbox 962 4320 1018 4355; x_wconf 90' lang='lat' dir='ltr'>non</span> <span class='ocrx_word' id='word_1_462' title='bbox 1035 4304 1091 4354; x_wconf 70' lang='lat' dir='ltr'>IV</span> <span class='ocrx_word' id='word_1_463' title='bbox 1112 4320 1180 4356; x_wconf 88' lang='lat' dir='ltr'>uero</span> <span class='ocrx_word' id='word_1_464' title='bbox 1199 4309 1229 4354; x_wconf 90' lang='lat' dir='ltr'>tu</span> <span class='ocrx_word' id='word_1_465' title='bbox 1245 4319 1262 4354; x_wconf 88' lang='lat' dir='ltr'>r</span> <span class='ocrx_word' id='word_1_466' title='bbox 1346 4310 1379 4359; x_wconf 74' lang='lat'>14</span> 
     </span>
    </p>

    <p class='ocr_par' dir='ltr' id='par_1_9' title="bbox 128 4370 1379 4581">
     <span class='ocr_line' id='line_1_47' title="bbox 167 4370 1315 4446; baseline -0.004 -17"><span class='ocrx_word' id='word_1_467' title='bbox 167 4370 281 4446; x_wconf 87' lang='lat' dir='ltr'>nostro]</span> <span class='ocrx_word' id='word_1_468' title='bbox 298 4378 394 4427; x_wconf 78' lang='lat' dir='ltr'>nonii</span> <span class='ocrx_word' id='word_1_469' title='bbox 464 4377 496 4425; x_wconf 85' lang='lat' dir='ltr'>lb</span> <span class='ocrx_word' id='word_1_470' title='bbox 516 4370 623 4435; x_wconf 87' lang='lat' dir='ltr'>aliquid</span> <span class='ocrx_word' id='word_1_471' title='bbox 641 4371 724 4436; x_wconf 89' lang='lat' dir='ltr'>plane</span> <span class='ocrx_word' id='word_1_472' title='bbox 743 4372 821 4425; x_wconf 71' lang='grc' dir='ltr'>Πς</span> <span class='ocrx_word' id='word_1_473' title='bbox 875 4374 907 4422; x_wconf 88' lang='grc'>16</span> <span class='ocrx_word' id='word_1_474' title='bbox 926 4381 971 4423; x_wconf 87' lang='lat' dir='ltr'>est</span> <span class='ocrx_word' id='word_1_475' title='bbox 988 4391 1035 4425; x_wconf 79' lang='lat' dir='ltr'>om.</span> <span class='ocrx_word' id='word_1_476' title='bbox 1055 4388 1069 4423; x_wconf 90' lang='lat' dir='ltr'>r</span> <span class='ocrx_word' id='word_1_477' title='bbox 1139 4373 1239 4423; x_wconf 84' lang='lat' dir='ltr'>audias</span> <span class='ocrx_word' id='word_1_478' title='bbox 1256 4375 1315 4424; x_wconf 66' lang='lat' dir='ltr'>IV</span> 
     </span>
     <span class='ocr_line' id='line_1_48' title="bbox 128 4440 1379 4505; baseline -0.002 -6"><span class='ocrx_word' id='word_1_479' title='bbox 128 4440 136 4453; x_wconf 73' lang='lat'><strong><em>⁹</em></strong></span> <span class='ocrx_word' id='word_1_480' title='bbox 171 4450 204 4500; x_wconf 81' lang='lat' dir='ltr'>lt</span> <span class='ocrx_word' id='word_1_481' title='bbox 221 4447 346 4498; x_wconf 86' lang='lat' dir='ltr'>misimus</span> <span class='ocrx_word' id='word_1_482' title='bbox 363 4447 386 4495; x_wconf 85' lang='lat' dir='ltr'>n</span> <span class='ocrx_word' id='word_1_483' title='bbox 467 4446 499 4494; x_wconf 81' lang='lat'>19</span> <span class='ocrx_word' id='word_1_484' title='bbox 518 4440 698 4505; x_wconf 84' lang='lat' dir='ltr'>bybliopoiae</span> <span class='ocrx_word' id='word_1_485' title='bbox 715 4440 744 4488; x_wconf 79' lang='lat'>1</span> <span class='ocrx_word' id='word_1_486' title='bbox 825 4441 1007 4492; x_wconf 89' lang='lat' dir='ltr'>blandiuntur</span> <span class='ocrx_word' id='word_1_487' title='bbox 1029 4443 1079 4493; x_wconf 88' lang='lat' dir='ltr'>sed</span> <span class='ocrx_word' id='word_1_488' title='bbox 1103 4457 1171 4493; x_wconf 88' lang='lat' dir='ltr'>sano</span> <span class='ocrx_word' id='word_1_489' title='bbox 1195 4442 1379 4497; x_wconf 81' lang='lat' dir='ltr'>blandiantur</span> 
     </span>
     <span class='ocr_line' id='line_1_49' title="bbox 172 4508 1379 4581; baseline -0.001 -14"><span class='ocrx_word' id='word_1_490' title='bbox 172 4516 367 4581; x_wconf 83' lang='lat' dir='ltr'>(blandiuntur</span> <span class='ocrx_word' id='word_1_491' title='bbox 382 4513 423 4581; x_wconf 79' lang='lat'>1)</span> <span class='ocrx_word' id='word_1_492' title='bbox 441 4513 505 4563; x_wconf 88' lang='lat' dir='ltr'>dum</span> <span class='ocrx_word' id='word_1_493' title='bbox 523 4511 624 4564; x_wconf 70' lang='lat' dir='ltr'>lisa</span> <span class='ocrx_word' id='word_1_494' title='bbox 641 4508 823 4560; x_wconf 88' lang='lat' dir='ltr'>blandiuntur</span> <span class='ocrx_word' id='word_1_495' title='bbox 845 4510 895 4560; x_wconf 88' lang='lat' dir='ltr'>sed</span> <span class='ocrx_word' id='word_1_496' title='bbox 919 4512 968 4573; x_wconf 88' lang='lat' dir='ltr'>(sit</span> <span class='ocrx_word' id='word_1_497' title='bbox 985 4511 1008 4576; x_wconf 88' lang='lat' dir='ltr'>r)</span> <span class='ocrx_word' id='word_1_498' title='bbox 1033 4527 1102 4562; x_wconf 86' lang='lat' dir='ltr'>sane</span> <span class='ocrx_word' id='word_1_499' title='bbox 1127 4511 1192 4562; x_wconf 91' lang='lat' dir='ltr'>dum</span> <span class='ocrx_word' id='word_1_500' title='bbox 1209 4515 1272 4577; x_wconf 74' lang='lat' dir='ltr'>l‘pr</span> <span class='ocrx_word' id='word_1_501' title='bbox 1294 4513 1379 4567; x_wconf 87' lang='lat' dir='ltr'>blau-</span> 
     </span>
    </p>

    <p class='ocr_par' dir='ltr' id='par_1_10' title="bbox 171 4579 1037 4638">
     <span class='ocr_line' id='line_1_50' title="bbox 171 4579 1037 4638; baseline -0.007 -1"><span class='ocrx_word' id='word_1_502' title='bbox 171 4586 284 4638; x_wconf 83' lang='lat' dir='ltr'>diuntar</span> <span class='ocrx_word' id='word_1_503' title='bbox 300 4584 405 4635; x_wconf 84' lang='lat' dir='ltr'>dumit</span> <span class='ocrx_word' id='word_1_504' title='bbox 472 4585 507 4633; x_wconf 79' lang='lat'>20</span> <span class='ocrx_word' id='word_1_505' title='bbox 524 4579 604 4633; x_wconf 90' lang='lat' dir='ltr'>nobis</span> <span class='ocrx_word' id='word_1_506' title='bbox 621 4595 669 4633; x_wconf 84' lang='lat' dir='ltr'>osi.</span> <span class='ocrx_word' id='word_1_507' title='bbox 686 4594 701 4629; x_wconf 91' lang='lat' dir='ltr'>r</span> <span class='ocrx_word' id='word_1_508' title='bbox 770 4579 999 4631; x_wconf 85' lang='lat' dir='ltr'>commendantur</span> <span class='ocrx_word' id='word_1_509' title='bbox 1014 4581 1037 4631; x_wconf 86' lang='lat' dir='ltr'>n</span> 
     </span>
    </p>
   </div>
   <div class='ocr_carea' id='block_1_5' title="bbox 0 0 1472 4966">
    <p class='ocr_par' dir='ltr' id='par_1_11' title="bbox 0 0 1472 4966">
     <span class='ocr_line' id='line_1_51' title="bbox 0 0 1472 4966; baseline 0 0"><span class='ocrx_word' id='word_1_510' title='bbox 0 0 1472 4966; x_wconf 95' lang='lat' dir='ltr'> </span> 
     </span>
    </p>
   </div>
  </div>
 </body>
</html>
