2934 4966
158 277 233 323 XXX
547 269 548 272 ’
656 271 866 320 PRAEFATIO.
898 291 900 296 ·
1005 273 1009 280 ’

158 451 263 515 neque
285 428 327 494 ab
349 427 434 492 aldo
458 429 602 492 correcta
624 426 707 509 sint,
732 425 827 491 facile
849 424 1052 512 intellegitur
1066 425 1180 493 horum
1204 448 1364 493 consensu

158 531 241 597 nihil
263 531 327 596 nisi
350 529 529 596 recentiam
551 529 706 595 librorum
730 529 930 615 scripturam
956 529 1146 616 significari.
1184 550 1247 616 quo
1269 529 1307 594 fit
1328 531 1366 594 61

158 635 194 700 in
215 634 277 699 hac
298 635 391 718 parte
413 632 514 698 multo
536 633 638 698 maior
659 632 702 698 sit
729 652 881 697 numerus
909 652 1019 698 eorum
1045 633 1203 718 locorum,
1232 633 1268 699 in
1295 632 1365 718 qni·

158 736 219 802 bus
240 756 316 801 vera
338 735 499 822 scriptura
524 734 581 800 uni
603 734 748 802 Medioeo
775 735 858 801 libro
880 734 1030 820 debetur,
1059 758 1155 823 quarn
1182 737 1218 801 in
1245 736 1364 821 priore.

50 903 52 907 .
90 848 94 852 ’
160 839 309 904 cautione
330 841 441 904 tamen
463 859 543 923 opus
565 859 634 904 esse
656 837 692 903 in
713 837 797 904 libro
819 859 886 903 non
900 837 1004 903 solum
1021 837 1146 926 vulgari
1160 837 1364 903 librariorum
1449 867 1450 870 ¹

100 935 102 939 ’
159 940 370 1028 neglegentia
398 939 454 1006 sed
481 941 581 1007 etiarn
614 940 865 1027 interpolatione
888 939 1057 1026 archetypi
1077 943 1235 1027 ⁴corrupto
1263 939 1365 1005 exiis

159 1065 241 1130 quae
264 1064 362 1129 supra
383 1065 422 1109 ea
449 1043 489 1109 de
516 1064 551 1108 re
573 1043 661 1108 dicta
688 1046 766 1109 sunt
792 1047 950 1130 apparet
977 1059 1076 1129 quare
1101 1030 1140 1109 in
1160 1041 1256 1109 huius
1277 1041 1365 1108 modi

159 1135 238 1213 loeis
260 1147 328 1212 sola
349 1169 457 1212 rerum
479 1145 605 1212 ratione
633 1149 666 1212 et
688 1147 860 1232 generibus
888 1147 1055 1231 vitiorum,
1084 1147 1199 1232 quibus
1222 1144 1365 1211 codicem

44 1303 48 1310 .
161 1253 347 1336 corruptum
369 1271 438 1316 esse
453 1251 596 1334 constat,
620 1249 827 1315 iudicandum
843 1252 906 1329 est,
931 1249 1007 1335 quid
1022 1271 1062 1315 ex
1077 1248 1259 1337 antiquiore
1272 1248 1366 1313 fonte

160 1352 357 1443 derivatum,
389 1353 466 1440 quid
496 1352 604 1438 pravis
640 1351 874 1418 mutationibus
906 1351 1073 1438 inductum
1106 1352 1160 1417 sit.
1197 1351 1366 1437 utriusque

46 1503 49 1507 -
160 1455 290 1541 generis
311 1478 417 1541 pauca
438 1455 586 1541 exempla
607 1475 744 1540 ponam,
769 1476 864 1521 verae
884 1456 1064 1541 scriptrnae
1085 1451 1181 1535 haec,
1204 1452 1368 1540 p.134,4

161 1579 199 1623 ue
219 1579 245 1641 a,
258 1552 336 1636 ,meis
358 1563 458 1625 uerbis
486 1564 627 1625 recedam
649 1567 686 1624 M
713 1579 751 1623 ue
778 1580 799 1622 a
823 1562 1000 1637 forensibus
1027 1563 1128 1624 uerbis
1148 1561 1290 1622 recedam
1305 1563 1367 1634 Dp

160 1683 222 1746 re;
247 1660 356 1746 150,5
377 1682 487 1727 uereor
510 1667 611 1726 omnia
632 1667 786 1740 imaqinor
808 1667 910 1726 arania
923 1646 967 1748 M'
982 1682 1093 1727 uereor
1114 1667 1216 1726 omnia
1237 1668 1366 1744 Dpra3

163 1764 277 1848 151,1
307 1770 544 1831 reconciliarent
571 1785 610 1829 ae
638 1776 889 1845 recomponerent
915 1773 953 1829 M
980 1770 1218 1831 reconciliarent
1243 1782 1366 1842 compo·
1416 1796 1418 1800 >

112 1918 116 1924 ι
162 1878 328 1947 nereutque
348 1875 475 1951 Dpra3
500 1866 571 1951 162,
595 1866 638 1930 22
662 1880 787 1946 orntum
815 1873 962 1948 estquod
984 1889 1038 1933 aas
1065 1873 1210 1948 requiris,
1239 1876 1367 1945 qraturn

52 1972 54 1975 ’
78 2037 82 2042 ,
161 1975 246 2050 quod
266 1973 314 2034 iris
330 1973 476 2048 fomentis
497 1975 668 2050 adquiescis
681 1979 718 2034 M
736 1982 862 2050 pratum
877 1976 960 2052 quad
979 1975 1026 2036 iris
1036 1973 1368 2048 sameastisadquiescis

161 2081 288 2157 Dpra3
312 2073 384 2157 111,
408 2071 451 2137 20
472 2079 578 2152 inacus
600 2079 750 2154 utrimque
777 2078 957 2153 aduocatio,
985 2084 1153 2154 praetcrea
1183 2077 1278 2136 densa
1305 2076 1367 2134 cir-

163 2181 374 2242 canstantinnr
404 2196 521 2241 corona
542 2185 579 2240 M
605 2181 712 2255 inqens
738 2184 889 2256 utrimque
910 2182 1132 2242 aduocatorum
1153 2185 1183 2239 et
1203 2193 1368 2239 numerosa

165 2285 403 2358 (carceratorum
434 2285 579 2344 uniuersa
604 2287 639 2359 r)
673 2284 815 2344 subsellia
837 2286 1063 2359 praestantium
1096 2298 1214 2344 coram
1240 2284 1367 2355 Dpra:

164 2381 379 2469 interpolatae
403 2379 582 2466 scripturae
604 2379 700 2464 haee,
724 2403 755 2466 p.
768 2380 838 2464 132,
864 2380 902 2447 18
924 2402 985 2447 uon
1004 2389 1074 2464 pati
1093 2386 1235 2446 occidere
1255 2388 1368 2458 Dpra

116 2509 118 2513 ’
158 2491 294 2567 posteris
315 2490 441 2549 tradere
461 2491 513 2566 Μ,
538 2482 609 2566 146,
635 2482 675 2548 18
696 2505 813 2548 stimma
839 2496 1069 2562 cousecutnrus‚
1099 2491 1128 2549 si
1153 2489 1281 2548 uirtutes
1301 2490 1370 2548 eins

20 2646 24 2650 .
46 2676 49 2680 ¹
163 2594 379 2654 maturuisseut
399 2596 509 2664 Dpra
535 2592 672 2651 masiano
698 2599 878 2652 consecutus
899 2592 1041 2651 amittam
1069 2593 1197 2652 uirtutes
1218 2593 1283 2650 aas
1303 2606 1367 2650 ma·

165 2676 379 2771 raritatemque
399 2699 451 2774 M3
486 2688 558 2771 168,
582 2687 603 2751 2
636 2695 716 2752 inter
737 2711 811 2770 quas
832 2701 866 2755 tu
883 2688 959 2755 'talis
987 2696 1127 2754 extiteris
1148 2697 1259 2767 Dpra
1285 2695 1369 2754 iuter

165 2815 238 2876 quos
260 2804 294 2859 tu
316 2800 387 2859 talis
408 2797 537 2856 moreris
558 2800 608 2874 M3
633 2791 704 2874 168,
729 2792 747 2856 i
777 2795 944 2858 Bruttiano
972 2798 1162 2857 iustissimum
1184 2797 1387 2871 interritotis'

165 2902 363 2963 testimonium
386 2901 537 2960 redditum
560 2903 668 2972 Dpra
691 2901 855 2960 Bruttiano
864 2902 1038 2976 prraemiurn
1060 2901 1247 2974 iuteqritatis
1267 2901 1367 2959 iustis·

164 3006 271 3066 simum
293 3004 458 3064 redditura.
496 2997 608 3083 eodem
635 2995 755 3062 referre
783 3018 849 3062 non
878 2997 1023 3063 dubitavi
1050 2997 1227 3063 notabilem
1248 2997 1368 3063 disere·

165 3102 312 3188 pantiam
334 3123 366 3186 p.
392 3101 464 3185 164,
486 3101 507 3167 5
529 3123 599 3187 sqq.

74 3232 77 3238 ·
121 3202 123 3206 '
250 3203 398 3290 Denique
426 3202 462 3268 in
490 3202 621 3288 reliquis
642 3202 733 3269 libris
756 3223 829 3267 raro
852 3202 998 3269 accidere
1025 3203 1133 3288 potuit
1160 3207 1198 3268 61
1225 3203 1368 3289 ea'quae
1417 3275 1424 3282 ,

165 3307 202 3373 16
229 3306 374 3373 Mediceo
404 3305 512 3371 codice
546 3308 579 3369 et
603 3304 723 3370 Aldina
752 3305 893 3370 editione
922 3310 1074 3391 corrupta
1102 3309 1211 3372 essent
1238 3307 1369 3392 integra
1421 3362 1424 3377 ,

54 3439 59 3448 ·
153 3412 347 3501 servarent,
377 3430 512 3495 quorum
542 3408 662 3493 partim
684 3406 769 3472 haud
797 3407 892 3474 dubie
915 3409 1101 3474 coniectura
1123 3409 1257 3474 inventa
1279 3412 1368 3492 sunt,
1443 3480 1447 3488 ,

165 3513 287 3597 partim
313 3510 549 3577 interioribus
578 3510 767 3597 quibusdam
795 3511 884 3577 vitiis
912 3515 1096 3597 versantur,
1130 3516 1167 3576 ut
1193 3534 1224 3597 p.
1251 3512 1326 3596 169,
1348 3511 1370 3575 2

161 3621 334 3696 productus
354 3623 409 3679 Dr
428 3626 594 3696 prouectus
615 3622 722 3690 Mpa:
753 3612 823 3697 182,
847 3615 866 3679 8
889 3621 1032 3680 acoribus
1053 3625 1083 3680 D
1111 3623 1284 3681 acrioribus
1304 3624 1370 3693 Mp

166 3740 226 3784 ra:
259 3717 383 3802 200‚3
415 3724 595 3798 paratisque
626 3719 792 3782 horroribus
820 3726 903 3796 Dpr
934 3725 1120 3799 spiratisque
1146 3723 1312 3784 tonantius
1333 3725 1370 3782 M

153 3828 357 3902 ¹speratisque
377 3825 543 3885 nonoribus
563 3841 594 3884 a.
1230 3843 1233 3848 ·

251 3922 293 3989 In
314 3926 427 4003 octavo
450 3922 550 4005 libro,
574 3921 609 3985 in
631 3943 695 4006 quo
717 3921 880 3987 Mediceus
904 3923 1002 3988 codex
1025 3927 1058 3989 et
1073 3923 1195 3988 Aldina
1216 3922 1314 3989 editio
1337 3925 1371 3987 61

166 4024 200 4092 in
225 4026 333 4113 aliqua
354 4029 446 4112 parte
468 4024 616 4090 Romana
643 4025 703 4090 soli
730 4028 830 4090 testes
852 4029 1031 4112 scripturae
1053 4026 1158 4116 relicti
1180 4031 1272 4111 sunt,
1302 4047 1370 4091 non
1435 4043 1438 4048 ’

167 4129 274 4195 minus
296 4151 487 4215 suspensum
514 4129 600 4193 inter
627 4127 804 4193 Mediceanr
832 4131 865 4194 et
886 4129 1042 4194 Aldinam
1069 4131 1264 4216 scripturam
1291 4127 1372 4193 iudi·

168 4233 253 4298 cium
275 4237 334 4299 est.
372 4255 449 4298 narn
471 4231 619 4296 Romana
642 4231 740 4296 editio
762 4235 892 4316 praeter
912 4233 1098 4299 foedissima
1119 4233 1248 4320 quidem
1271 4231 1371 4296 edito-

168 4334 212 4400 ris
234 4336 314 4401 ritia
337 4359 409 4402 curn
433 4334 576 4400 llediceo
598 4334 682 4399 libro
710 4333 897 4421 plerumque
926 4338 1132 4402 consentiens
1160 4337 1246 4411 hano
1269 4334 1372 4400 solam

112 4428 119 4435 ’
167 4437 236 4502 fere
258 4437 432 4505 utilitatem
455 4439 570 4521 habet,
593 4438 678 4522 quod
700 4459 738 4502 ea
762 4437 879 4503 collata
902 4440 1020 4505 certius
1042 4442 1081 4504 de
1097 4438 1274 4523 archetypo
1296 4458 1372 4502 oon·

169 4541 244 4606 stat.
274 4542 421 4627 quamvis
449 4546 558 4607 autem
585 4540 671 4606 haud
700 4541 795 4607 dubie
823 4541 925 4606 maior
954 4542 1032 4607 fides
1060 4543 1104 4608 sit
1130 4563 1229 4606 manu
1257 4540 1370 4626 seript'
