2934 4966
480 306 489 317 ’
536 302 782 355 rnnuurrucus
796 299 840 352 42.
862 299 905 351 11.
926 267 983 351 44ζΙ
1271 289 1354 357 Ἰ351
1455 290 1460 300 ’

148 482 218 527 non
239 456 398 544 ecriptue,
421 457 526 526 heres.
563 480 631 526 non
658 463 695 526 tu
716 447 826 544 saluis,
856 447 924 523 non
946 460 984 522 tu
1005 457 1127 546 iniquis
1156 460 1277 527 tabulis
1300 461 1355 527 ad·
1379 538 1381 541 ¹

148 562 287 629 vocaris.
310 560 430 628 nullius
451 563 493 628 ad
514 565 549 628 te
569 562 757 648 iracundia,
786 560 907 627 nullius
928 560 1096 648 impietuS,
1123 563 1244 631 nullius
1264 564 1356 632 furor

114 686 118 692 ’
150 663 316 752 coniugit3
348 686 411 731 nec
443 666 519 752 quia
550 666 685 733 offendit
714 665 813 750 aliua,
847 665 1064 749 nuncuparis,
1100 666 1155 732 sed
1184 668 1259 753 quia
1285 669 1355 754 ipsc
1429 656 1431 658 ’

148 766 308 833 menristi.
352 768 502 834 scriberis
529 769 571 834 ab
601 769 728 854 annuis,
763 767 805 833 ab
831 766 955 854 ignotis
981 768 1183 855 praeteririu,
1211 769 1356 859 nihilque

121 872 238 937 einter
259 871 423 957 privatum
445 874 479 936 et
499 871 681 958 principem
703 871 856 957 intereat,
880 870 945 936 uisi
960 870 1045 955 quud
1059 892 1148 937 nunc
1170 893 1190 937 a
1210 872 1355 959 pluribus

150 973 289 1053 amaris:
308 996 385 1040 uam
407 977 441 1041 et
461 973 570 1061 plures
599 996 700 1042 amas.
750 978 844 1060 tene,
873 972 1009 1059 Caesar,
1038 972 1126 1041 bunc
1149 994 1294 1062 cursum,
1324 982 1357 1043 et

105 1135 108 1143 .
149 1077 342 1166 probabitur
356 1077 591 1169 experimentu,
616 1077 702 1151 sitne
715 1077 855 1145 feracius
878 1079 912 1143 et
924 1076 1054 1142 uberius
1076 1098 1143 1142 non
1167 1077 1207 1143 ad
1230 1075 1356 1145 laudem

149 1180 248 1246 modo‘
272 1178 329 1246 eed
361 1179 402 1268 ad
429 1172 602 1272 pecuniam
634 1172 790 1268 principi,
811 1179 848 1246 'si
869 1178 988 1247 herede
1016 1179 1072 1245 illo
1100 1179 1183 1245 mori
1210 1179 1357 1248 homines

150 1280 270 1368 velint,
300 1274 453 1369 quamsi
481 1278 651 1371 cogantur.
694 1283 829 1350 donavit
854 1287 949 1369 pater
976 1287 1051 1348 tuus
1078 1282 1198 1369 multa,
1228 1286 1357 1371 etipse

111 1400 138 1440 ¹⁰
152 1385 295 1476 donanti,
318 1387 452 1452 cesserit
465 1409 580 1473 parum
602 1391 733 1476 gratus:
755 1390 892 1453 manent
913 1390 1025 1453 tamen
1047 1387 1070 1452 ii
1093 1387 1148 1472 qui
1170 1387 1264 1453 bonis
1287 1389 1355 1456 eiue

150 1488 329 1576 *nihilque
362 1511 401 1556 ex
428 1489 494 1557 illis
511 1491 563 1556 ad
590 1494 624 1557 te
651 1491 716 1556 uisi
744 1489 850 1577 gloria
877 1489 972 1555 redit.
1010 1511 1095 1555 uam
1126 1489 1357 1570 liberalitatem

150 1591 373 1659 iucundiorem
402 1592 527 1661 debitur
555 1597 685 1681 gratus,
717 1593 884 1660 clariorem
907 1593 1058 1679 ingratus
1079 1591 1170 1659 facit.
1208 1593 1264 1659 sed
1285 1595 1357 1679 quis

151 1699 284 1777 antehc
304 1695 433 1761 laudem
454 1697 550 1762 istam
573 1697 731 1783 pecuniae
757 1695 937 1782 praetulit?
965 1698 1082 1781 quotus
1112 1696 1248 1782 quisque
1269 1698 1357 1783 prin·

152 1799 261 1886 cipum
286 1820 330 1864 ne
357 1797 547 1885 inquinem
574 1801 610 1869 in
636 1799 842 1885 patrimoniis
867 1798 987 1864 nostris
1017 1819 1110 1864 suum
1132 1798 1239 1882 duxit,
1273 1799 1357 1885 quael

114 1913 138 1956 ¹⁵
152 1905 239 1969 eruet
259 1901 299 1967 dc
321 1900 408 1967 suo?
423 1923 533 1968 nonne
554 1906 592 1968 ut
605 1924 720 1989 regum
734 1902 782 1968 ita
797 1901 973 1969 Caesarum
988 1922 1124 1967 munera
1145 1901 1255 1967 inlitus
1277 1903 1378 1986 cibis,-

150 2003 283 2089 hamos,
303 2007 441 2095 ¹opertus
467 2005 590 2091 praeda
610 2005 742 2092 laqueus
765 2005 1027 2090 aemulabantur,
1058 2025 1131 2070 uum
1152 2003 1287 2090 priuatis
1309 2004 1356 2070 fa-

151 2107 327 2174 cultatibus
347 2107 436 2173 uelut
456 2107 573 2174 hausta
595 2112 629 2174 et
646 2108 868 2194 ¹multiplicata
889 2111 976 2174 retro
990 2128 1098 2173 secum
1113 2107 1266 2193 quidquid
1283 2107 1356 2173 atti·

151 2214 272 2297 geraut
292 2208 476 2276 referrent?
735 2299 736 2302 Ἴ

237 2313 340 2389 Quam
366 2312 448 2378 utile
476 2315 526 2379 est
552 2313 593 2378 ad
615 2335 709 2380 usum
731 2314 944 2382 secundorum
972 2334 1030 2399 per
1052 2313 1187 2378 aduersu
1214 2313 1409 2382 venisse144

112 2416 262 2482 revixisti
284 2415 469 2500 nobiscum,
491 2415 695 2502 periclitatus
717 2438 766 2502 es,
788 2417 943 2503 timuisti,
968 2438 1050 2502 quac
1071 2420 1152 2489 tunc
1174 2418 1246 2481 crat
1266 2415 1358 2481 iunu-

152 2517 297 2585 centium
319 2519 408 2608 vitu,
428 2519 491 2584 seis
507 2521 540 2585 et
562 2523 713 2605 expertus
729 2541 773 2605 eu,
790 2522 912 2605 quantu
927 2532 1023 2606 opere
1039 2509 1243 2584 detestentur
1255 2517 1357 2583 melos

151 2621 315 2708 principes
351 2612 442 2686 ‘tiam
472 2623 527 2707 qui
553 2622 655 2687 malos
682 2622 824 2688 faciunt:
852 2622 1029 2688 meministi
1058 2644 1141 2709 quae
1167 2617 1280 2707 optare
1302 2641 1358 2686 uu

151 2725 293 2808 hiscum,
321 2745 404 2810 quae
426 2725 470 2789 sis
498 2726 588 2809 queri
611 2725 735 2790 solitus.
773 2746 849 2790 nam
877 2725 1004 2812 privato
1031 2725 1151 2790 iudicio
1177 2723 1358 2810 principem

152 2829 257 2915 geria,
286 2828 452 2893 meliorem
480 2827 577 2893 immo
599 2832 632 2894 te
653 2831 817 2914 praestem,
847 2850 943 2913 quam
965 2827 1027 2894 tibi
1049 2828 1148 2893 alium
1170 2826 1356 2912 precabare.

111 2933 263 3018 asiaque
286 2932 333 2997 sic
354 2931 471 2997 imbuti
494 2953 603 2996 sumus
625 2935 677 3017 ut,
699 2933 815 3018 quibus
838 2935 909 2998 crat
930 2953 1055 2997 summa
1077 2934 1224 2997 votorum
1245 2929 1358 2994 melior

152 3035 483 3122 pessima-princeps,
506 3035 571 3099 iam
593 3057 660 3100 non
682 3035 841 3120 passimus
862 3035 927 3101 nisi
950 3037 1106 3120 optimum
1129 3034 1224 3100 ferre.
1262 3054 1358 3098 nemo

152 3227 357 3238 ...κ-...-

225 3369 238 3416 1
257 3365 340 3416 heren
359 3379 389 3414 es
408 3364 537 3413 Livineius
618 3366 634 3413 3
654 3363 860 3429 confugituri
882 3364 1038 3430 contigitB
1123 3367 1142 3415 4
1159 3363 1228 3414 nihil
1245 3356 1319 3414 inter
1336 3365 1359 3414 Δ

223 3436 323 3485 b'nam
341 3450 388 3483 cui.
407 3447 429 3482 e.
445 3434 562 3497 furtunae
580 3447 643 3482 num
663 3436 692 3480 ct
709 3431 769 3498 ipsc
787 3432 882 3499 plures
901 3446 978 3483 amus
1064 3431 1152 3499 pluria
1171 3433 1291 3484 amerb

154 3507 221 3553 tene
239 3501 302 3552 aar
321 3506 386 3552 tunc
405 3501 431 3550 B*
444 3505 523 3552 tenus
542 3503 600 3553 cod.
618 3499 725 3551 illudiul.
745 3513 766 3556 ς-
832 3506 861 3551 et
879 3501 1043 3567 probabitur
1063 3502 1232 3568 Caupiniuuue
1250 3505 1279 3552 et
1297 3516 1358 3568 pru·

154 3571 229 3621 biter
246 3571 313 3620 nc
332 3575 361 3620 et
377 3571 545 3635 probaturi
568 3574 596 3620 et
613 3570 746 3634 probatur
769 3572 826 3622 cort
844 3570 953 3622 Mediul.
974 3583 991 3626 ς
1111 3572 1128 3621 8
1145 3570 1270 3622 homiues
1289 3572 1358 3620 mori

154 3639 262 3690 uellent
280 3641 303 3690 Δ
319 3637 446 3689 homines
464 3640 534 3689 mori
550 3637 642 3690 uelint
658 3638 713 3688 A²a
773 3644 776 3651 '
805 3641 822 3689 9
840 3654 920 3704 quam
939 3640 963 3690 si
981 3642 1029 3704 qui
1046 3639 1126 3690 bonis
1144 3640 1200 3690 tuin
1217 3637 1358 3704 nichilque

154 3723 189 3759 ex
206 3707 263 3759 illis
280 3711 372 3759 lucrum
391 3716 512 3774 qrtutluur
529 3723 643 3758 uersuum
659 3713 720 3772 post
737 3707 762 3757 si
778 3710 870 3759 relicta
887 3722 901 3757 ο
1024 3707 1123 3768 mulla,
1146 3706 1234 3757 multa
1252 3709 1358 3772 etipse

155 3776 268 3828 donasti
286 3778 312 3827 I.
325 3778 359 3827 A.
378 3777 515 3827 Ernerliua
569 3779 601 3827 10
619 3776 753 3826 ccsscrint
771 3792 866 3843 parum
885 3777 973 3843 gratie
991 3778 1122 3829 Liuineius
1139 3776 1245 3842 ceperit
1262 3790 1357 3841 parum

156 3852 253 3912 gratus
271 3847 519 3912 Lipsiur.sortamc
539 3846 656 3896 cesserit
674 3860 771 3910 parum
790 3851 871 3912 grate
992 3851 1106 3898 mancat
1123 3851 1217 3896 tamen
1235 3845 1256 3894 ii
1274 3840 1314 3909 (hi
1332 3842 1358 3905 d)

156 3916 204 3983 qui
221 3915 302 3965 bunis
322 3914 381 3965 eius
400 3913 528 3978 nihilque
546 3916 584 3964 bd
602 3919 698 3964 manet
715 3919 809 3965 tumen
827 3914 856 3965 hi
876 3916 922 3979 qui
941 3915 1022 3966 bonis
1046 3915 1106 3966 eius
1123 3914 1249 3978 nihilque
1264 3912 1283 3974 ,β
1302 3926 1359 3961 ma·

156 3989 225 4034 nent
251 3984 305 4033 tibi
333 3984 354 4033 ii
381 3984 428 4048 qui
454 3983 535 4032 bonis
563 3985 622 4033 cius
648 3982 814 4048 nihilqueA
840 3991 952 4034 manent
978 3989 1073 4035 tamen
1094 3985 1116 4034 ii
1135 3983 1182 4048 qui
1200 3981 1280 4031 bunia
1299 3981 1359 4030 cius

157 4053 285 4103 fruantur
303 4051 434 4116 nihilque
450 4052 594 4102 Gatruraens
611 4058 725 4102 manent
744 4057 837 4104 tamen
854 4053 876 4103 ii
894 4055 941 4116 qui
956 4054 1035 4103 bunis
1054 4054 1111 4103 tuis
1130 4053 1258 4102 fruuntur
1274 4048 1359 4099 nihil·

157 4137 210 4187 que
228 4122 360 4172 Liuineius
377 4123 492 4170 mancat
510 4125 604 4170 tamen
623 4136 713 4185 aeque
732 4122 761 4171 in
784 4121 865 4172 bonis
888 4123 946 4170 eius
969 4122 1095 4187 nihilque
1114 4120 1284 4172 lllummrcnur
1301 4133 1358 4167 rna-

155 4196 224 4242 neut
241 4196 336 4241 tamen
355 4191 397 4241 sui
416 4191 445 4239 in
463 4188 544 4239 banis
563 4191 622 4241 cius
641 4189 765 4256 nihilque
786 4190 936 4241 Draeebueruc
1006 4190 1256 4242 lucernorum
1326 4188 1358 4236 15

157 4259 228 4310 cibis
245 4260 328 4309 Baed
348 4260 414 4310 ciba
429 4274 499 4310 corr.
520 4257 590 4309 cibis
608 4258 631 4309 A
753 4260 784 4309 16
803 4256 912 4325 hamos]
927 4274 1003 4309 arnus
1023 4259 1037 4320 β
1160 4259 1191 4309 17
1209 4256 1311 4306 haustu
1330 4259 1359 4305 ct

155 4329 300 4395 implicata
319 4345 333 4378 e
351 4330 440 4379 cortice
463 4329 561 4379 Veneto
579 4329 741 4380 Schwarziuu
769 4333 852 4378 aucta
871 4334 900 4378 ut
917 4327 1106 4394 multiplicata
1124 4327 1254 4377 Liuineius
1273 4327 1358 4374 errata

157 4402 186 4447 ct
205 4397 376 4463 amplificata
396 4398 522 4446 Gruterus
603 4400 635 4449 19
654 4398 690 4448 acl
708 4412 787 4448 usum
806 4398 848 4446 uu
867 4396 901 4446 rul
919 4411 984 4447 usus
1002 4395 1043 4446 Aa
1129 4397 1160 4446 21
1182 4393 1359 4444 ‹lctcslcutur

156 4468 220 4517 Aba
238 4467 415 4518 detestantur
433 4465 448 4527 β
467 4469 641 4517 testenturd
711 4470 742 4517 22
761 4467 904 4517 uobiscum
924 4468 940 4514 b
1009 4469 1043 4514 23
1061 4465 1158 4514 salitus
1176 4463 1261 4512 Abud
1280 4461 1357 4511 sulli-

157 4537 230 4586 citus
248 4537 273 4598 β·
333 4551 405 4585 nunc
425 4534 532 4599 priuato
552 4536 653 4587 iudicio
672 4538 801 4587 Liuineius
819 4551 883 4595 uam
901 4534 1006 4600 priuati
1029 4534 1133 4583 iurlicio
1152 4533 1257 4596 Lipsius
1325 4533 1358 4579 24

157 4619 238 4669 quam
259 4605 310 4656 libi
328 4605 446 4667 u2’ssacd
464 4619 544 4668 (11111111
563 4607 644 4656 tihib
664 4621 718 4670 quc
737 4605 829 4654 11111Δ
881 4606 915 4653 26
933 4606 1067 4669 possimus
1080 4604 1137 4657 οᾱς
1157 4599 1358 4666 possumusAB
