2934 4966
331 186 354 241 e
563 239 567 246 .

463 307 712 359 arrsroasaun
728 306 804 356 vnr.
821 302 863 353 ae.
879 300 914 367 (a
931 301 989 352 roe.
1005 299 1066 367 roo)
1169 274 1177 282 '
1305 287 1371 354 233

161 464 301 552 gloriam
329 466 471 530 veterem
505 467 540 531 et
565 463 653 530 hane
678 461 783 549 ipsam
811 462 1028 545 senectutem,
1063 483 1143 547 quae
1176 460 1211 525 in
1240 453 1381 524 bomine

162 566 374 652 venerabilis,
397 566 434 633 in
456 566 589 633 urbibus
611 587 717 632 saera·
746 566 789 631 sit
812 563 899 651 apud
922 567 955 629 te
976 565 1081 630 honor
1103 562 1307 650 antiquitati,
1329 564 1373 628 sit

155 668 353 756 ingentibus
374 669 486 754 factis,
516 671 560 734 sit
580 667 701 734 fabulis
722 689 856 754 quoque.
887 666 970 732 nihil
993 689 1031 732 ex
1056 667 1244 753 cuiusquam
1266 665 1371 759 digni-

161 775 247 855 tate,
276 771 359 837 nihil
388 795 428 837 ex
455 772 622 856 libertate,
654 769 737 836 nihil
765 771 865 836 etiam
893 792 932 835 ex
960 770 1138 836 iactatione
1162 769 1370 854 decerpseris.

137 872 246 939 ababa
268 878 346 941 ante
360 873 468 941 oeulos
490 875 576 942 hane
595 896 664 941 esse
686 878 807 940 terram
829 895 912 959 quae
927 873 1021 939 nobis
1037 872 1162 938 miserit
1184 873 1266 958 iura,
1290 873 1403 958 quael

162 975 252 1062 leges
266 998 334 1043 non
348 977 462 1064 vietis,
478 979 534 1044 sed
548 977 733 1064 petentibus
748 975 889 1059 dederit,
911 975 1060 1042 Athenas
1076 997 1144 1042 esse
1167 997 1247 1064 quas
1262 975 1375 1060 aderis,

163 1078 437 1146 Lacedaemonem
464 1102 533 1149 esse
561 1103 657 1168 quam
686 1101 798 1167 regas3
832 1079 948 1167 quibus
975 1079 1131 1171 reliquam
1160 1079 1308 1160 umbram
1339 1081 1373 1144 et
1432 1163 1434 1167 .

162 1181 328 1248 residuum
352 1183 513 1250 libertatis
540 1206 660 1251 nomen
691 1182 814 1269 eripere
842 1182 956 1248 dmum
981 1183 1085 1248 feram
1106 1182 1283 1247 barbarum
1310 1186 1370 1246 est.

163 1285 252 1351 vides
276 1308 295 1350 a
317 1285 466 1373 medicis,
490 1300 684 1374 quamquam
705 1285 741 1351 in
764 1284 899 1350 adversa
914 1285 1100 1351 valetudine
1123 1284 1206 1349 nihil
1227 1284 1311 1350 servi
1333 1284 1402 1350 aab

125 1414 150 1453 ro
163 1388 257 1454 liberi
284 1388 454 1475 differant,
488 1390 617 1456 mollius
645 1393 756 1456 tamen
789 1388 909 1455 liberos
938 1388 1191 1472 clementiusque
1224 1387 1370 1452 tractari.

163 1490 347 1576 recordare,
373 1492 449 1579 quid
472 1514 618 1579 quaeque
641 1492 755 1557 eivitas
777 1491 893 1576 fuerit,
921 1513 989 1556 non
1018 1496 1055 1558 ut
1083 1490 1258 1576 despicias,
1287 1486 1372 1575 quod

163 1616 233 1660 esse
256 1594 402 1661 desierit:
425 1595 512 1661 absit
525 1594 677 1680 superbia
693 1593 863 1678 asperitas.
897 1614 960 1658 nee
973 1593 1121 1658 timueris
1138 1593 1402 1678 contemptumii
1440 1589 1444 1596 ’

162 1720 206 1763 an
230 1698 449 1763 oontemnitur
470 1698 525 1783 qui
547 1698 734 1783 imperium,
758 1697 813 1780 qui
835 1696 941 1762 fasces
964 1695 1075 1780 habet,
1099 1696 1163 1761 nisi
1185 1694 1317 1760 humilis
1340 1699 1372 1760 et
1444 1730 1447 1734 ι

162 1799 311 1865 sordidus
334 1799 444 1885 etqui
466 1821 500 1864 se
522 1799 645 1884 primns
672 1800 742 1884 ipse
766 1798 969 1863 contemnit?
996 1797 1081 1862 male
1110 1798 1176 1862 vim
1199 1819 1289 1863 suam
1317 1820 1373 1883 po·
1462 1797 1464 1804 ’

125 1906 266 1968 ratestas
288 1901 425 1967 aliorum
447 1901 650 1968 contumeliis
673 1900 853 1986 experitur,
877 1900 961 1966 male
982 1905 1104 1966 terrore
1130 1900 1296 1965 veneratio
1319 1901 1372 1965 ad-

98 2009 102 2015 “
163 2005 319 2091 quiritur,
342 2005 503 2092 longeque
517 2003 677 2070 valentior
692 2024 781 2068 amor
799 2001 839 2067 ad
855 1998 1067 2096 obtinendum
1082 2003 1165 2088 quod
1181 2001 1260 2068 velis
1276 2025 1373 2089 quam

163 2108 272 2173 timor.
306 2129 383 2175 nam
405 2107 503 2173 timor
525 2107 613 2192 abit,
647 2108 674 2172 si
697 2106 843 2190 reeedas3
872 2110 984 2171 manet
1007 2127 1111 2190 amor,
1140 2128 1179 2172 ae
1206 2106 1291 2171 sie-ut
1318 2106 1373 2172 ille

162 2212 200 2276 in
215 2210 324 2276 odium
345 2208 399 2275 hio
421 2210 456 2275 in
471 2210 687 2274 reverentiam
702 2208 858 2290 vestitura
876 2198 918 2301 t
942 2230 1019 2287 vero
1041 2211 1139 2273 etiam
1163 2212 1258 2294 atque
1269 2209 1402 2277 etiami

163 2315 325 2401 (repetam
339 2312 441 2397 enim)
456 2313 640 2378 meminisse
655 2315 782 2398 oportet
796 2311 896 2377 officii
919 2312 966 2376 tui
976 2327 978 2332 ’
988 2311 1122 2383 titulun]
1138 2333 1176 2376 ae
1191 2312 1252 2376 tibi
1268 2312 1375 2397 ipsnm

123 2417 390 2501 ninterpretari,
420 2416 514 2501 quale
543 2419 762 2501 quantumque
793 2414 837 2482 sit
870 2415 1020 2481 ordinare
1049 2418 1170 2503 statum
1199 2414 1373 2485 liberarum
1447 2455 1462 2467 ·»

164 2519 343 2585 civitatum.
378 2540 456 2583 nam
478 2518 555 2603 quid
577 2518 780 2583 ordinatione
804 2516 954 2582 eivilius?
982 2517 1060 2603 quid
1081 2517 1233 2582 libertate
1255 2518 1373 2602 pretio·

95 2637 131 2659 ··
163 2620 256 2687 sius?
287 2642 384 2707 porro
406 2641 502 2706 quam
530 2622 641 2705 turpe,
669 2619 696 2684 si
719 2620 880 2685 ordinatio
904 2621 1083 2704 eversione,
1112 2620 1245 2685 libertas
1274 2620 1403 2687 servi-8

137 2709 235 2789 ‘tute
256 2725 415 2806 mutetur!
450 2722 574 2788 aceedit
601 2723 685 2808 quod
707 2723 768 2787 tibi
792 2730 956 2789 certamen
980 2727 1029 2787 est
1051 2727 1173 2788 tecum:
1204 2728 1319 2788 onerat
1340 2727 1373 2788 te

162 2828 356 2913 quaesturae
370 2829 446 2892 tuae
461 2827 561 2910 fama,
578 2848 675 2912 quam
691 2849 729 2890 ex
744 2825 899 2912 Bithynia
910 2827 1065 2911 optimam
1081 2825 1243 2907 revexisti,
1259 2828 1375 2891 onerat

123 2927 385 2998 atestimonium
407 2928 580 3015 principis,
610 2931 726 2993 onerat
752 2929 954 3012 tribunatus,
982 2932 1135 3014 praetura
1168 2931 1264 3014 atque
1292 2928 1374 2994 haee

163 3033 236 3117 ipsa
258 3031 379 3120 legatio
401 3031 491 3116 quasi
514 3031 692 3116 praemium
715 3032 802 3096 data.
839 3053 901 3116 quo
923 3031 1028 3117 nangis
1057 3030 1228 3096 nitendum
1260 3034 1310 3096 est
1331 3031 1403 3096 net)

163 3134 200 3199 in
214 3134 395 3220 longinqua
408 3134 687 3219 proviuoia'quam
703 3133 907 3217 suburbana,
925 3155 967 3198 ne
983 3135 1070 3198 inter
1084 3134 1261 3198 servientes
1276 3155 1373 3219 quam

164 3237 300 3320 hberos,
330 3258 372 3301 ne
386 3245 486 3305 'sorte
509 3250 611 3322 'quam
639 3237 756 3302 iudicio
779 3237 913 3321 missua,
946 3258 988 3300 ne
1015 3236 1103 3300 rudis
1126 3238 1158 3300 et
1185 3235 1374 3321 incognitus

164 3360 261 3424 quam
284 3339 467 3422 exploratus
490 3339 712 3426 probatusque
723 3339 896 3404 humanior
917 3337 1031 3403 melior
1052 3336 1187 3423 peritior
1207 3337 1307 3405 fuisse
1330 3338 1374 3403 ri·

234 3579 358 3647 lgloria
374 3583 403 3631 11
470 3582 500 3633 in
517 3582 628 3634 homine
646 3580 803 3634 uenerabili
821 3597 904 3632 saera
918 3586 969 3632 est.
992 3581 1029 3632 sit
1046 3581 1120 3646 apud
1138 3586 1199 3632 ter
1255 3585 1375 3634 tauers

167 3655 209 3702 est
227 3649 300 3700 sit'a
370 3651 534 3717 antiquitati
551 3666 566 3700 r
583 3651 620 3715 (l)
640 3652 742 3703 Certim
761 3651 939 3716 antiquitatis
964 3652 1035 3706 Μςι
1104 3653 1176 3701 8sit
1193 3650 1222 3700 iu
1240 3649 1374 3701 tabelias

228 3721 244 3768 4
263 3717 333 3768 nihil
352 3719 437 3770 stiam
457 3737 490 3771 ex
510 3721 661 3771 laetatione
679 3722 706 3769 bt
729 3718 798 3769 nihil
822 3735 859 3768 ex
880 3719 1022 3770 cuiusdam
1040 3718 1192 3770 iactatione
1210 3732 1225 3768 r
1248 3718 1318 3768 nihil
1339 3735 1372 3769 ex

166 3787 330 3852 cuiusquam
343 3789 500 3838 iactatione
520 3801 559 3843 §a
622 3792 711 3840 bnon
729 3789 814 3837 uietis
840 3786 889 3837 sed
908 3788 1068 3852 petentibus
1087 3787 1195 3838 dederit
1213 3790 1241 3836 11
1258 3803 1314 3837 non
1332 3787 1372 3837 in·

165 3856 232 3906 uitis
251 3855 300 3905 sed
319 3856 480 3920 petentibus
495 3856 628 3908 daderitr
644 3872 699 3907 non
718 3856 793 3906 uicta
813 3855 862 3905 sed
881 3857 1040 3921 petentibus
1059 3855 1167 3907 dederit
1185 3870 1202 3905 a
1220 3872 1274 3906 non
1294 3856 1371 3907 uicta

166 3924 317 3990 susceperit,
338 3924 386 3974 aed
405 3925 563 3990 patentibus
582 3925 693 3976 dederit
711 3925 852 3975 Sielvardus
915 3924 1175 3975 llueaedemonem
1193 3926 1220 3972 n
1273 3924 1371 3975 8bar·

164 3993 317 4058 harumque
336 3997 379 4042 est
398 4005 436 4047 §a
506 3993 742 4044 onalitnuinear
811 3994 841 4041 11
863 3992 1093 4057 quidquuqnea
1181 3992 1305 4042 fueratr

166 4064 198 4112 12
223 4060 382 4115 desierat5
407 4086 409 4091 ·
435 4065 467 4113 13
485 4062 539 4112 nisi
558 4062 669 4112 humilis
687 4064 737 4117 Μς
755 4062 810 4111 nisi
828 4061 874 4124 qui
893 4060 1007 4111 humilia
1025 4077 1042 4110 s
1061 4061 1113 4110 nisi
1131 4059 1273 4112 mobilisr
1343 4063 1374 4111 14

165 4126 302 4197 potestas]
323 4135 417 4194 portas
434 4130 470 4179 r*
536 4133 567 4181 15
587 4130 685 4195 adquir
692 4167 759 4184 .....
778 4130 916 4193 longeque
935 4147 989 4179 (vnn
1007 4131 1085 4180 litera
1104 4132 1212 4195 quinque
1231 4132 1373 4179 litterarum

164 4201 192 4247 11
263 4200 295 4250 16
313 4196 490 4264 optinendum
508 4200 535 4246 n
606 4202 636 4249 17
656 4196 703 4264 ae]
724 4204 785 4250 atr
855 4198 887 4246 18
906 4203 1031 4249 uertatur
1049 4213 1066 4247 a
1147 4201 1179 4249 la
1197 4193 1299 4264 ipsum]
1319 4197 1373 4262 ipsi

164 4280 178 4314 r
247 4269 281 4318 ‘20
299 4269 522 4332 quantumeirquo
539 4266 573 4314 r*
642 4271 675 4318 21
696 4265 853 4318 ciuitatium
872 4279 889 4313 a
964 4264 1046 4332 2281]
1068 4266 1105 4316 sit
1121 4269 1154 4314 r*
1223 4267 1256 4316 ‘23
1275 4266 1373 4331 accepi

165 4334 240 4398 qnod
256 4334 288 4385 r*
365 4337 399 4386 24
418 4351 450 4386 ex
469 4335 597 4399 bythinia
613 4338 640 4385 11
658 4337 686 4385 in
705 4334 850 4386 Bithinnia
867 4347 882 4382 r
968 4336 1072 4401 optimo
1091 4333 1218 4384 reuixisti
1236 4348 1250 4382 r
1269 4334 1373 4400 optime

167 4404 303 4460 rexistis
372 4407 405 4454 ‘25
424 4403 581 4454 tribunatus
599 4401 742 4469 praetura]
763 4402 937 4468 principatus
961 4409 1140 4466 praeterear
1225 4403 1260 4451 '26
1278 4404 1371 4453 niten-

164 4469 239 4536 dum]
262 4473 399 4523 interdum
418 4486 432 4520 r
460 4471 656 4522 intendendum
675 4487 692 4528 ς
752 4475 781 4521 iu
795 4471 975 4535 longinquam
993 4472 1167 4536 prouinciam
1181 4485 1262 4533 quum
1276 4471 1372 4522 subur·

165 4538 266 4589 besuam
285 4556 301 4589 a
320 4542 349 4591 in
368 4541 521 4608 longinqua
540 4541 683 4605 prouincia
707 4555 787 4606 quam
811 4539 839 4588 in
859 4539 1019 4589 suburbana
1036 4555 1050 4589 r
1072 4543 1100 4589 iu
1125 4537 1292 4604 longinquas
1310 4556 1373 4606 pro·

164 4606 278 4658 uiueias
295 4624 376 4674 quam
396 4612 424 4661 in
443 4609 604 4661 suburbana
622 4621 640 4665 ς
710 4611 743 4662 28
762 4613 836 4660 sorte
855 4621 873 4657 a
893 4608 969 4660 torte
985 4609 1033 4659 lar
