2934 4966
163 218 227 326 2411
690 276 722 327 c.
745 278 844 327 enm
914 241 918 246 ’
1459 359 1460 362 ¹

162 431 281 497 iliade
304 430 408 496 nobis.
449 431 569 497 accidit
590 431 652 497 buo
673 454 740 496 unu
762 431 937 518 eademque
959 431 1000 495 de
1023 452 1131 498 eausa
1163 453 1240 497 nam
1262 434 1299 496 et
1325 433 1372 513 tu,
1446 363 1460 420 d

162 554 245 618 quae
268 533 308 597 de
331 532 460 618 amieis,
484 535 605 620 optime
627 534 743 600 scribis
765 536 799 599 et
820 556 899 620 ego,
927 555 1010 620 quae
1031 533 1072 599 de
1094 557 1163 619 me,
1191 538 1229 600 ut
1249 534 1375 620 optima
1446 556 1453 571 ··

161 635 245 722 lego.
278 635 381 701 valo..
879 644 884 653 '

664 873 668 879 .
716 806 828 876 VIIII.
1314 878 1319 885 ,
1421 865 1426 875 .

519 930 551 984 o.
570 929 720 983 numios
739 929 889 981 corono
908 929 979 982 sco
998 927 1027 982 s.
1244 929 1249 938 ·
1382 935 1440 997 a,

114 1049 152 1111 ν1
197 1074 200 1079 ·
252 1048 354 1126 Unice
376 1047 488 1132 probo,
511 1048 595 1132 quod
612 1047 744 1132 Pompei
760 1045 928 1122 Quintiani
945 1050 1049 1111 niorto
1070 1049 1137 1113 tam
1155 1045 1306 1111 dolenter
1319 1046 1369 1111 ud·
1438 1048 1445 1131 J

68 1203 73 1210 .
162 1148 284 1234 fioeris,
308 1154 345 1215 ut
367 1150 478 1215 amissi
500 1151 670 1215 eantutem
690 1148 849 1215 desiderio
871 1148 1045 1233 extendas3
1065 1170 1134 1215 non
1154 1153 1192 1215 ut
1213 1147 1369 1235 plerique,
1438 1162 1442 1235 ζ

162 1252 217 1336 qui
239 1255 369 1317 tantum
391 1252 536 1317 viventes
559 1255 672 1317 amant
693 1274 750 1316 seu
770 1251 878 1336 potius
897 1247 1007 1316 amare
1028 1272 1063 1316 se
1084 1252 1241 1319 simulant
1269 1274 1309 1318 ao
1331 1274 1372 1317 ne
1437 1320 1441 1331 ,

162 1353 319 1418 simulant
332 1347 473 1441 quidem,
497 1355 561 1418 nisi
583 1375 662 1439 quos
676 1353 829 1418 florentes
850 1351 972 1418 vident.
1007 1374 1085 1418 nam
1098 1354 1290 1419 miserorum
1304 1360 1387 1420 non'
1436 1334 1449 1419 l

162 1477 254 1521 secus
270 1479 308 1521 ao
323 1457 550 1521 defunctorum
565 1455 808 1521 oblisisemitm.
845 1455 903 1521 sed
916 1455 978 1521 tibi
992 1456 1147 1542 perennis
1160 1456 1241 1527 fides
1264 1456 1404 1521 tanta-'s

131 1560 224 1642 2que
244 1559 280 1623 in
303 1580 411 1624 amore
427 1559 628 1645 constantia,
651 1563 689 1624 ut
709 1559 798 1624 finiri
815 1559 880 1624 nisi
900 1561 960 1623 tua
973 1561 1078 1623 morte
1098 1579 1166 1624 non
1187 1560 1303 1645 possit.
1339 1564 1370 1624 et
1436 1550 1446 1623 'i

160 1659 292 1726 hercule
319 1662 348 1727 is
374 1661 439 1727 fuit
460 1661 673 1747 Quintianus,
700 1684 796 1747 quem
823 1660 916 1747 diligi
945 1661 1061 1726 deceat
1086 1660 1190 1746 ipsius
1211 1663 1369 1747 exemplo.
1436 1650 1445 1725 '5

160 1761 273 1828 felices
295 1764 442 1848 amabat,
469 1764 602 1830 miseros
624 1765 792 1847 tuebatur,
820 1762 1027 1829 desiderabat
1047 1763 1194 1839 amissos.
1226 1764 1291 1829 iam
1312 1763 1369 1829 illa
1436 1794 1442 1837 ς

160 1869 284 1951 quanta
304 1866 451 1952 probitas
472 1868 594 1933 inore!
617 1870 742 1953 quanta
762 1867 799 1932 iu
818 1887 966 1931 sermone
982 1865 1163 1932 cunetatio!
1185 1887 1284 1951 quain
1297 1866 1368 1952 pari
1436 1896 1441 1933 :

160 1967 245 2033 libra
267 1969 413 2054 gravitas
436 1969 650 2055 eomitasque!
678 1968 763 2055 qnod
784 1968 928 2035 studium
953 1968 1153 2034 litterarum!
1180 1968 1268 2054 quod
1288 1968 1400 2034 iudi-u
1435 1990 1461 2045 Β

141 2070 262 2136 oium!
296 2093 361 2159 qua
389 2073 511 2158 pietate
539 2093 613 2138 oum
640 2071 857 2137 dissimillimo
883 2075 978 2157 patre
1003 2071 1148 2136 vivebat!
1181 2091 1281 2156 quam
1301 2091 1367 2136 non
1435 2090 1461 2155 .''

161 2172 314 2238 obstabat
340 2173 389 2238 illi
417 2196 480 2260 quo
507 2176 615 2240 minus
636 2175 685 2239 vir
712 2173 1056 2260 optimusvideretur,
1081 2172 1261 2258 quoderat
1286 2172 1367 2258 opti·
1434 2178 1438 2229 ἶ

131 2280 233 2346 3mus
261 2274 361 2341 iilius!
395 2277 452 2342 sed
479 2278 556 2363 quid
583 2277 724 2343 dolorem
761 2281 853 2343 tuum
889 2275 1062 2343 exuloero‘?
1098 2296 1294 2362 quamquam
1321 2274 1367 2340 sie
1433 2343 1467 2386 μ

161 2377 279 2442 amasti
299 2378 464 2463 iuvenem,
491 2382 529 2444 ut
550 2379 611 2445 hoe
633 2381 860 2467 potiusquam
887 2381 928 2445 de
954 2379 1012 2445 illo
1037 2377 1127 2444 sileri
1149 2376 1246 2461 velis;
1275 2398 1366 2470 ame
1432 2386 1439 2399 '
1466 2406 1467 2412 ¹

160 2480 365 2566 praesertim,
401 2482 490 2547 ouius
518 2482 760 2567 praedicatione
792 2486 890 2566 putas
918 2481 1019 2545 vitani
1046 2481 1114 2546 eius
1142 2479 1270 2564 ornati,
1303 2501 1399 2549 mes
1431 2502 1438 2559 ζ

160 2584 297 2648 moriam
318 2584 487 2670 prorogari
521 2584 688 2669 ipsamque
709 2583 801 2649 illam
823 2604 888 2668 qua
909 2587 960 2649 est
980 2585 1095 2668 raptus
1109 2584 1253 2648 aetatem
1273 2603 1365 2667 posse

150 2686 299 2752 -restitui
332 2686 413 2751 vale.
908 2705 912 2712 ·

739 2855 781 2923 X.

519 2978 551 3034 o.
568 2979 717 3032 eminus
736 2976 871 3032 naono
889 2976 962 3030 sno
980 2977 1008 3030 s,

132 3103 151 3166 1
246 3097 349 3183 Cupio
364 3097 546 3183 praeceptis
567 3097 633 3162 tuis
647 3118 772 3182 parere.
799 3093 856 3161 sed
871 3116 1022 3180 aprorum
1043 3098 1138 3161 tanta
1151 3097 1291 3182 penuria
1305 3101 1362 3182 est,
1374 3120 1395 3162 s

161 3204 198 3265 nt
211 3199 379 3265 Minervae
401 3205 434 3265 et
449 3201 575 3265 Dianae
581 3250 591 3285 ‚
615 3222 695 3287 quas
714 3201 763 3265 ais
777 3198 900 3285 paritor
923 3197 1088 3282 colendas,
1112 3194 1286 3265 convenire
1300 3221 1363 3265 non
1450 3262 1451 3265 ,

159 3357 363 3369 ...ι-...-

231 3447 243 3494 1
264 3442 315 3495 illa
342 3445 377 3496 de
405 3443 488 3494 nobis
505 3443 580 3493 unt
606 3442 658 3494 illu
676 3456 747 3507 quae
765 3441 799 3491 de
817 3440 898 3492 uobis
917 3440 1064 3492 Catonum
1080 3455 1098 3492 a
1118 3441 1169 3493 illa
1196 3441 1269 3509 quod
1287 3442 1365 3493 nobis
1395 3441 1398 3446 ’

160 3525 200 3575 pe
270 3511 380 3564 accedit
396 3528 414 3562 a
445 3512 452 3521 “
500 3512 652 3576 eademque
671 3511 795 3561 causali
880 3513 911 3558 tu
928 3523 1012 3573 σπι.»
1081 3508 1233 3578 ioptime]
1252 3511 1365 3578 optimis

160 3595 177 3629 a
247 3597 299 3647 ego
317 3597 390 3648 quae
408 3581 442 3633 de
461 3596 504 3631 me
523 3582 550 3629 11
569 3580 715 3631 Gaianaeus
732 3594 750 3628 s
767 3593 820 3645 ego
838 3577 872 3629 de
890 3593 935 3627 me
953 3592 1026 3642 quae
1041 3593 1079 3642 pr
1096 3595 1149 3645 ego
1166 3578 1203 3630 de
1220 3594 1264 3630 mo
1280 3582 1304 3629 1)

93 3656 97 3662 ’
159 3658 191 3701 ut
209 3651 315 3717 optima
333 3650 397 3717 lego
415 3665 433 3699 a
450 3651 556 3716 optima
574 3647 639 3716 lego
655 3649 683 3697 11
701 3652 731 3698 ut
748 3656 816 3713 puto
835 3647 942 3712 optima
959 3648 1025 3713 lego
1042 3649 1108 3711 lips
1126 3654 1243 3716 utputo
1260 3650 1364 3715 optime

159 3718 255 3786 legor

227 3820 311 3872 vnn
329 3824 345 3872 5
364 3820 514 3872 COLONO
532 3822 560 3869 11
578 3818 716 3871 COLONI
733 3820 817 3881 npn
903 3817 1060 3884 bPompeii
1077 3832 1118 3881 pa
1204 3815 1403 3884 Quintiani]¹

159 3891 235 3956 quim
252 3891 295 3941 ita
313 3892 396 3940 suin
465 3891 482 3940 8
502 3906 535 3939 ao
554 3905 589 3939 ne
608 3888 742 3938 simulant
764 3903 811 3937 om.
830 3886 873 3949 np
960 3888 976 3936 9
995 3888 1051 3937 nisi
1068 3903 1136 3952 qnos
1153 3889 1203 3943 in,-
1220 3889 1277 3938 uisi
1295 3885 1364 3954 qnod

158 3960 244 4023 nprn
315 3961 347 4009 10
365 3955 424 4024 sed]
444 3960 594 4018 etnatp
682 3959 712 4006 ll
732 3954 806 4005 liniri
823 3956 896 4009 lisa
920 3953 998 4005 finire
1016 3954 1079 4019 Ilpr
1147 3955 1363 4008 etberculosis

159 4028 205 4076 Da
275 4029 306 4077 12
325 4027 406 4092 diligi
425 4027 526 4076 doceat
543 4027 591 4074 Ma
609 4024 727 4090 diligere
746 4023 847 4074 doceat
863 4037 878 4072 r
895 4023 996 4087 diliget
1013 4024 1102 4075 liceat
1119 4027 1142 4075 n
1159 4023 1280 4090 diligere
1300 4023 1362 4073 lica·

160 4096 209 4146 but
226 4109 265 4159 ps
284 4095 405 4161 diligere
423 4093 544 4144 decebat
563 4095 709 4144 Gucanueus
779 4092 906 4156 euomplo
925 4092 1011 4157 ipsius
1029 4107 1047 4142 a
1134 4096 1166 4144 13
1183 4089 1247 4157 illa]
1267 4091 1311 4140 ilii
1328 4102 1395 4145 τς.

229 4169 261 4216 16
279 4164 351 4214 libro
368 4164 391 4211 11
478 4161 549 4228 quod
567 4163 686 4212 studium
716 4162 870 4211 litterarum
890 4160 961 4224 quod
981 4161 1111 4211 iudicium
1129 4163 1179 4210 Ia
1204 4159 1278 4224 quod
1297 4157 1359 4208 iudi·
1385 4204 1388 4210 .

159 4233 230 4282 cium
249 4233 323 4298 quod
342 4232 461 4282 studium
480 4233 636 4282 litterarum
655 4244 690 4286 ις
709 4228 779 4295 quod
798 4228 920 4278 studium
939 4228 1096 4280 litterarum
1119 4231 1177 4291 (om.
1201 4226 1276 4292 quod
1296 4227 1359 4276 iudi·

160 4302 244 4365 oium)
266 4305 309 4365 Dp
433 4302 464 4350 lo
487 4305 566 4366 pati-e
589 4302 638 4348 ida
655 4306 770 4364 parente
788 4300 851 4359 llpr
954 4314 1037 4363 quum
1055 4314 1110 4349 non
1126 4299 1202 4358 1111)
1222 4297 1361 4346 Beroaldus

159 4385 220 4419 eum
239 4386 294 4420 non
312 4385 326 4419 r
343 4371 499 4436 Pomponius·
518 4369 649 4418 Laeana
736 4370 766 4417 17
786 4367 828 4416 uir
846 4367 964 4431 optimus
986 4366 1059 4417 lilius
1076 4367 1252 4416 nicloreturr
1332 4363 1360 4412 18

159 4437 237 4504 quid]
258 4440 363 4503 quadr
432 4436 520 4504 nium]
540 4439 657 4487 suumn
724 4440 755 4486 19
774 4437 902 4485 iuuenem
921 4437 994 4485 MDr
1010 4437 1149 4486 uiuentem
1167 4446 1231 4496 psa
1283 4446 1360 4498 qnam

158 4508 252 4556 oriali
320 4510 352 4558 ‘21
373 4507 616 4570 illumiuquurs
704 4512 747 4556 ost
764 4506 851 4555 011111
923 4504 1149 4558 wiveicum]

220 4576 248 4626 X
264 4579 300 4631 26
319 4592 389 4643 quas
409 4575 463 4646 ais]
481 4580 564 4645 quius
581 4578 609 4626 1
