2934 4966
573 311 818 367 enunciamus
834 308 876 361 aa
891 309 935 360 as.
1295 299 1358 366 337

149 471 308 557 imputes,
337 468 429 536 facis.
472 470 587 539 haeret
614 471 710 538 lateri
742 473 801 537 tuo
832 467 978 556 quisquis
1011 469 1167 555 accessit,'
1198 469 1359 559 finemque

151 573 293 641 sermoni
323 593 400 638 suns
428 574 543 661 cuique
570 575 689 661 pudor,
723 594 791 640 non
818 575 877 639 tna
906 571 1057 658 superbia
1084 572 1175 640 facit.
1217 575 1361 663 regimur

150 677 287 764 quidem
303 697 323 740 a
344 679 378 742 te
399 680 433 743 et
447 679 585 745 subiecti
606 678 684 765 tibi,
707 677 764 743 sed
778 698 874 763 quem
890 675 929 741 ad
945 676 1076 743 modum
1090 677 1218 764 legibus
1234 699 1374 748 sumust.

118 800 227 844 ·nam
255 781 289 844 et
314 779 391 846 illae
418 772 612 869 cupiditates
646 785 775 850 nostras
808 779 1023 866 libidinesque
1049 781 1274 867 moderantur,
1303 804 1361 848 no·
1393 790 1398 807 ¹

110 874 277 948 'sbiscnm
298 886 411 949 tamen
433 888 467 950 et
487 884 575 952 inter
601 907 661 951 nos
683 887 865 952 versantur.
904 885 1042 969 emines,
1074 884 1219 970 excellis,
1248 889 1285 957 ut
1306 884 1361 951 ho·

150 1005 228 1071 nor,
257 988 295 1050 ut
320 990 482 1073 potestas,
512 1009 594 1074 quae
622 1010 718 1075 super
738 984 887 1054 homines
915 987 1059 1073 quidem,
1089 986 1257 1053 hominnm
1286 993 1364 1053 sunt
1439 1015 1442 1019 ’

150 1091 273 1153 tamen.
311 1091 388 1154 ante
409 1092 443 1155 te
464 1090 629 1177 principes
650 1090 783 1159 fastidio
812 1090 916 1157 nostri
939 1094 973 1157 et
994 1089 1133 1176 quodam
1150 1091 1361 1184 aequalitatis
1400 1116 1402 1119 ·

152 1193 241 1256 metu
263 1212 357 1257 usum
378 1191 498 1283 pscium
520 1193 706 1261 amiserant.
743 1193 816 1259 flios
844 1215 922 1280 ergo
944 1194 1048 1259 umeri
1071 1188 1362 1281 cervicesque'ser-

152 1285 267 1359 vorum
288 1312 386 1381 snper
407 1316 465 1361 ora
486 1299 616 1383 nostra,
642 1300 677 1363 te
703 1297 810 1383 lama,
839 1300 872 1362 te
900 1296 1020 1383 gloria,
1048 1299 1082 1362 te
1106 1295 1221 1362 civium
1243 1297 1360 1384 pietas,

113 1398 186 1470 rote
207 1395 343 1464 libertas
365 1419 463 1484 super
483 1399 571 1485 ipsos
592 1401 757 1487 principes
779 1398 918 1485 vehunt3
946 1402 981 1464 te
1003 1399 1044 1464 ad
1067 1398 1174 1465 sidera
1194 1398 1283 1466 tollit
1304 1400 1362 1466 hn-

150 1522 223 1566 mus
245 1502 310 1567 ista
333 1503 513 1568 communis
534 1506 568 1568 et
590 1504 725 1575 confusa
745 1502 904 1589 principis
925 1501 1076 1589 vestigia.

237 1603 308 1672 Nec
335 1626 447 1671 vereor
454 1655 464 1690 ‚
493 1608 603 1692 patres
618 1606 817 1692 conscripti,
847 1628 889 1672 ne
910 1604 1040 1691 longior
1059 1604 1192 1691 ¹videar,
1224 1609 1296 1672 cum
1319 1607 1413 1674 sitta

146 1707 292 1775 ‘manne
322 1707 501 1794 optandum
533 1713 570 1776 ut
599 1731 637 1775 ea
664 1732 723 1796 pro
752 1709 868 1794 quibus
894 1711 1038 1793 aguntur
1064 1708 1206 1795 principi
1234 1710 1362 1796 gratiae

151 1809 257 1875 multa
278 1811 356 1877 sint.
393 1832 477 1897 quae
498 1813 628 1898 quidem
654 1812 853 1894 reverentius
875 1810 975 1876 inerit
1001 1810 1134 1898 integra
1160 1811 1362 1899 inlibataque

112 1932 138 1973 a
152 1912 408 1999 cogitationibus
436 1916 563 1980 vestris·
580 1915 737 1981 reservari
765 1936 861 2001 quam
891 1913 1030 2008 carptim
1057 1913 1262 2001 breviterque
1290 1938 1362 2002 per·

152 2013 289 2102 stringi,
312 2015 388 2101 quia
408 2015 479 2109 fere
501 2018 647 2103 sequitur
668 2021 705 2083 ut
725 2017 783 2083 illa
797 2017 926 2104 quidem
948 2015 988 2081 de
1011 2016 1126 2102 quibus
1142 2022 1251 2084 taceas
1266 2021 1362 2086 tanta

152 2120 276 2203 quanta
297 2122 375 2188 sunt
397 2140 467 2186 esse
481 2120 666 2187 rideantur:
689 2121 754 2186 nisi
775 2141 850 2186 vero
873 2119 987 2185 leviter
1002 2119 1124 2207 attingi
1145 2120 1254 2207 placet
1276 2121 1362 2188 locu·

123 2262 134 2266 a
150 2220 307 2306 pletatas:
321 2221 425 2288 tribus
450 2222 625 2310 datumque
660 2223 863 2310 congiarium
889 2222 1009 2308 populo
1043 2225 1076 2288 et
1104 2223 1217 2301 datum
1243 2227 1361 2310 totum,

106 2374 112 2380 .
153 2343 227 2388 cum
256 2323 402 2390 donativi
429 2328 557 2411 partem
581 2326 704 2392 'milites
728 2326 945 2410 accepissent.
990 2347 1033 2391 an
1062 2326 1233 2392 mediocris
1253 2326 1361 2396 ‘animi

110 2446 139 2488 so
153 2428 206 2491 est
226 2423 278 2492 his
300 2428 409 2512 potins
430 2434 691 2515 repraesentare,
716 2428 832 2515 quibus
847 2428 952 2514 magis
967 2429 1084 2515 negari
1098 2429 1230 2515 potest?
1251 2451 1361 2516 quam·

152 2549 251 2615 quam
278 2529 314 2594 in
341 2529 557 2623 huncquoque
585 2531 772 2597 diversitate
801 2530 1007 2617 aequalitatis
1034 2531 1119 2596 ratio
1145 2535 1273 2598 servata
1301 2536 1360 2600 est.
1408 2539 1411 2554 '

153 2633 285 2718 aequati
306 2625 383 2698 sunt
405 2633 492 2698 enim
513 2622 632 2720 populo
653 2634 773 2699 milites
802 2655 839 2700 eo
866 2634 951 2720 quod
978 2636 1120 2719 partem,
1149 2633 1205 2699 sed
1226 2633 1360 2720 priores,

152 2735 292 2820 populus
325 2734 499 2821 militibus,
533 2736 617 2824 quod
648 2736 821 2822 posterior,
859 2736 915 2802 sed
941 2740 1048 2803 totum
1078 2737 1198 2802 statim·
1223 2738 1364 2824 accepiti

154 2839 319 2904 enimvero
346 2860 411 2924 qua
437 2838 642 2925 benignitate
675 2839 827 2922 divisum
846 2843 908 2924 est,
943 2842 1149 2926 quantaeque
1177 2862 1273 2906 curae
1300 2840 1362 2905 tibi

112 2941 219 3007 afuit
239 2963 282 3007 ne
310 2941 384 3027 quis
411 2963 526 3027 expers
554 2940 759 3007 liberalitatis
786 2945 862 3007 tuae
883 2941 992 3006 fieret!
1022 2942 1134 3006 datum
1161 2946 1212 3007 est
1239 2943 1278 3008 iis
1306 2945 1361 3028 qui

152 3048 229 3131 post
251 3043 392 3110 edictum
411 3047 524 3110 tuum·
539 3045 575 3109 in
590 3036 709 3109 rlocum
733 3065 896 3109 erasorum
919 3041 1039 3110 subditi
1065 3044 1215 3130 fuerant,
1244 3066 1360 3130 aequa·

152 3149 243 3234 tique
265 3150 343 3213 sunt
365 3147 480 3214 ceteris
501 3146 550 3212 illi
573 3147 673 3212 etiam
701 3146 816 3232 quibus
838 3169 905 3212 non
928 3151 999 3212 erat
1019 3148 1223 3234 promissum.
1262 3168 1361 3233 nego·

152 3251 208 3318 tiis
231 3250 365 3337 aliquis,
393 3249 579 3317 valetudine
603 3249 701 3334 alius,
730 3249 785 3315 bic
803 3250 903 3335 mari,
933 3249 988 3316 ille
1015 3250 1204 3317 fluminibus
1227 3249 1361 3315 distine-

221 3512 384 3564 'IAt-anta
395 3516 423 3562 te
439 3512 580 3578 principes
599 3511 687 3562 nostri
705 3510 821 3561 fastidio
845 3516 874 3561 et
891 3512 914 3560 A
985 3513 1017 3562 10
1034 3512 1110 3576 ipsos
1129 3511 1214 3560 Baod
1230 3512 1360 3561 omnes-A
1457 3530 1459 3534 ⁴

222 3584 252 3631 ll
271 3583 327 3632 ista
346 3582 505 3632 communis
516 3586 545 3631 et
563 3581 681 3632 confusa
698 3579 834 3646 principis
852 3580 1008 3643 uestigiaA
1026 3580 1068 3630 ita
1082 3579 1234 3630 communis
1252 3584 1281 3629 et
1293 3595 1358 3630 con·

151 3648 222 3701 fusa
242 3651 377 3716 principis
404 3652 529 3714 uestigia
546 3651 611 3699 sco
632 3650 675 3699 ita
702 3649 857 3700 communia
882 3653 910 3697 et
933 3648 1050 3711 confusa
1072 3648 1210 3713 principis
1236 3648 1360 3714 uestigia

150 3719 209 3771 cori.v
229 3718 337 3774 illediol.
352 3732 369 3774 ς
381 3723 409 3768 te
429 3720 585 3770 communia
605 3723 633 3768 et
647 3719 765 3769 confusa
778 3718 898 3784 priuatis
911 3715 1033 3780 uestigia
1046 3717 1234 3767 Freinshemius
1247 3718 1272 3766 in
1286 3715 1357 3765 Cart.

153 3787 197 3839 VI
215 3791 242 3852 5,
260 3791 278 3837 5
295 3788 336 3837 ita
355 3788 509 3838 communis
529 3792 556 3837 et
576 3787 695 3838 confusa
713 3786 804 3853 plebis
823 3800 856 3836 ac
873 3785 1006 3850 principis
1020 3784 1072 3847 (cel
1088 3785 1207 3836 confusa
1224 3784 1359 3850 principis

150 3855 318 3921 civiumque)
337 3856 460 3920 vestigia
478 3855 641 3906 Schwarzius
659 3857 715 3906 ista
735 3855 884 3906 communis
904 3859 932 3903 et
951 3853 1069 3904 confusa
1087 3854 1206 3919 privatis
1224 3852 1359 3919 principis

149 3924 275 3990 vestigia
293 3924 473 3975 Mommsenus.
493 3941 527 3974 on
545 3925 697 3976 communis
719 3929 747 3974 et
766 3924 884 3975 confusa
902 3923 959 3972 ista
978 3923 1079 3973 civium
1104 3927 1133 3973 et
1153 3922 1290 3988 principis
1312 3935 1358 3971 ve·

148 3993 255 4059 stigial
327 3995 357 4043 12
376 4008 429 4043 nec
446 4008 508 4043 reor
524 3995 547 4042 A
618 3995 648 4043 14
669 4008 739 4058 quae
759 3991 868 4057 quidem
888 3990 925 4053 βᾶ
943 4005 1014 4054 quae
1032 3991 1152 4041 maxime
1171 3989 1281 4055 quidem
1301 3985 1360 4056 (ex-

147 4068 245 4128 puncto
262 4078 286 4113 o.
305 4059 436 4124 maxime)
454 4062 471 4110 b
490 4076 562 4126 qnae
582 4061 708 4127 qnodque
725 4060 769 4110 Ac
857 4062 888 4109 17
909 4068 970 4124 post
988 4060 1139 4110 videantur
1155 4059 1218 4109 laec
1234 4058 1294 4121 sere
1311 4073 1359 4107 en:-

148 4133 244 4182 arnse
266 4130 577 4189 coniecitnllommseuas,
601 4129 653 4179 illa
676 4136 770 4180 antem
794 4128 829 4179 de
851 4128 951 4193 quibus
974 4129 1098 4179 breviter
1120 4128 1223 4179 dixeris
1247 4132 1360 4192 propter

147 4199 179 4251 id
196 4201 287 4267 ipsum
306 4199 407 4265 exigua
425 4205 454 4248 et
471 4198 574 4264 pusilla
592 4197 757 4249 habeantur.
779 4199 860 4248 simile
882 4199 1082 4262 supplementum
1103 4203 1280 4263 proposuerat
1299 4195 1360 4245 Ges·

148 4285 230 4320 neruo
298 4266 491 4333 locupletasB
562 4268 594 4318 18
612 4271 639 4317 et
658 4266 751 4316 datum
769 4266 854 4316 Bacd
876 4271 909 4316 ut
926 4265 1022 4316 datum
1040 4268 1064 4315 A
1132 4267 1166 4316 22
1184 4263 1233 4315 sed
1251 4265 1358 4329 priores

149 4339 237 4390 codex
255 4337 461 4402 Salisburpensis
479 4336 621 4386 Schwarzii
638 4349 655 4390 ς
674 4335 724 4386 sed
742 4337 818 4401 prior
837 4341 880 4385 est
898 4336 967 4384 aad
985 4335 1034 4385 sed
1052 4336 1145 4400 potior
1164 4338 1239 4384 estc
1325 4333 1359 4381 24

149 4405 227 4473 qual
243 4422 299 4473 qua
316 4405 493 4471 benignitate
513 4406 533 4454 B
553 4410 658 4471 quanta
677 4405 856 4470 benignitate
874 4405 890 4452 d
962 4404 1079 4454 diuisum
1100 4409 1142 4452 cst
1154 4402 1233 4451 abed
1252 4400 1358 4451 diuisus

150 4474 232 4537 (corr.
253 4475 344 4540 -um)
365 4479 409 4526 est
427 4473 442 4536 β
461 4479 504 4524 est
522 4473 642 4524 diuisum
660 4476 684 4524 A
755 4480 877 4540 quantae
895 4485 1013 4528 curaes
1083 4474 1116 4523 25
1134 4468 1308 4531 libertatisss

147 4544 185 4594 iis
203 4545 239 4593 od
256 4545 300 4594 his
318 4543 366 4594 AB
436 4544 542 4592 arnon
563 4549 624 4593 erat
646 4544 809 4608 permissum
834 4541 915 4605 (corr.
939 4544 972 4590 cl.
987 4545 1062 4590 man.
1086 4540 1183 4604 prom.)
1201 4541 1217 4588 b
1240 4541 1359 4590 nouerat

148 4613 314 4680 promissum
335 4613 350 4674 β
419 4613 453 4662 28
472 4610 659 4665 distinebatur
675 4613 739 4662 Aba
758 4610 953 4665 destinabatur
970 4609 1008 4673 βᾶ

201 4695 271 4738 Pam
282 4704 354 4737 misr.
367 4704 405 4737 :a
418 4695 487 4738 ann
1129 4696 1171 4744 (ἢ
