2934 4966
151 283 215 347 394
686 297 716 346 c.
743 298 836 345 eursu
877 275 880 280 ’

153 467 223 541 que‘
250 454 357 519 locum
392 453 513 518 laboris
549 456 583 518 et
619 457 714 518 curae
755 474 850 538 quem
868 522 870 526 Α
886 449 1086 518 reverentiae
1122 450 1359 538 dignitatisque

152 559 328 623 teneamus.
404 608 412 620 .

100 658 142 722 94
236 658 276 726 In
310 658 376 725 fine
407 659 564 725 orationis
593 657 756 744 praesides
790 659 1000 745 custodesque
1035 657 1164 742 imperii
1191 657 1271 727 deos
1300 678 1360 743 ego

154 761 267 826 consul
288 783 347 846 pro
368 762 464 827 rebus
485 761 637 827 humanis
659 783 697 827 sc
724 766 758 827 te
780 761 970 848 praecipue,
994 759 1177 845 Capitoline
1198 758 1359 847 Iuppiter,

150 883 266 948 precor
291 867 329 928 ut
355 864 525 929 beneficiis
541 865 607 930 tuis
634 864 745 929 favens
767 865 933 950 tantisque
954 862 1141 928 muneribus
1164 861 1267 926 addas
1290 879 1382 946 per-⁵

150 966 353 1050 petuitatem.
392 966 510 1031 audisti
532 989 614 1052 quae
636 989 695 1052 pro
717 966 803 1031 malo
824 966 973 1053 principe
995 965 1219 1051 precabamur,
1244 963 1361 1028 exaudi

151 1089 233 1152 quae
254 1090 313 1153 pro
335 1068 549 1134 dissimillimo
571 1074 731 1155 optamus.
768 1090 836 1135 non
863 1071 897 1136 te
920 1068 1145 1154 distringimus
1167 1066 1270 1132 votis:
1294 1086 1360 1133 non

51 1214 55 1218 -
151 1172 239 1236 enim
259 1193 390 1259 pacem,
407 1192 486 1238 -non
509 1172 729 1256 concordiam,
756 1193 823 1238 non
846 1172 1069 1254 securitatem,
1098 1193 1165 1236 uon
1188 1190 1268 1255 opes
1292 1189 1360 1234 ora·

84 1302 87 1306 ·
150 1296 237 1357 mus,
261 1295 331 1340 non
352 1274 506 1340 honores:
533 1275 670 1360 simplex
693 1279 874 1360 cunctaque
900 1274 963 1339 ista
986 1272 1190 1358 complexum
1214 1271 1360 1337 omnium

150 1478 238 1543 enim
260 1480 326 1544 ium
346 1482 426 1544 tunc
448 1479 539 1543 illum
566 1479 601 1543 in
635 1479 772 1545 tutelam
798 1469 975 1565 recepisti,
996 1499 1070 1543 curn
1096 1477 1273 1562 praedonis
1297 1478 1359 1544 avi·

151 1580 274 1645 dissimi
301 1580 449 1647 faucibus
483 1581 641 1666 eripuisti.
688 1603 792 1667 neque
821 1582 907 1647 enim
934 1580 1007 1646 sine
1036 1579 1155 1645 auxilio
1181 1585 1257 1662 tuo,
1289 1602 1360 1647 cum
1407 1600 1409 1605 ’

152 1681 309 1749 altissima
331 1678 476 1770 quaeque
499 1687 728 1770 quaterentur,
752 1684 821 1764 hic,
844 1685 899 1770 qni
922 1683 1073 1775 omnibus
1096 1683 1256 1749 excelsior
1279 1681 1359 1767 erat,

153 1785 362 1852 inconcussus
385 1787 491 1852 stetit:
519 1788 711 1872 praeteritus
739 1791 789 1852 est
816 1809 836 1852 a
856 1787 996 1872 pessimo
1019 1785 1166 1872 principe
1188 1787 1246 1871 qui
1269 1808 1360 1872 prae·

151 1887 244 1953 teriri
267 1889 308 1953 ab
329 1891 452 1973 optimo
473 1910 541 1955 non
562 1894 701 1974 poterat.
735 1894 772 1956 tu
794 1889 883 1954 clara
908 1888 1017 1954 iudicii
1038 1889 1088 1953 tui
1110 1888 1208 1974 signa
1229 1889 1359 1973 misisti,
1372 1911 1391 1950 n

152 2010 224 2054 cunr
246 1991 465 2075 proficiscenti
487 1995 528 2056 ad
550 1993 728 2058 exercitum
749 1994 805 2059 tuo
827 1991 975 2074 nomine,
998 1994 1055 2056 tuo
1069 1989 1194 2056 honore
1217 1992 1357 2077 cessisti.

149 2094 186 2156 tu
208 2113 286 2158 voce
308 2093 512 2178 imperatoris
539 2095 616 2181 quid
638 2094 775 2160 sentires
797 2094 939 2178 locutus,
966 2093 1070 2158 fflium
1091 2092 1154 2178 illi,
1183 2093 1284 2159 nobis
1306 2117 1358 2180 pa·

149 2196 291 2278 rentem,
320 2195 381 2261 tibi
410 2197 597 2282 pontificem
619 2198 796 2263 maximum
818 2195 954 2284 elegisti.
997 2218 1059 2283 quo
1087 2196 1210 2261 maiore
1240 2196 1359 2264 fiducia

149 2296 250 2362 isdem
271 2297 337 2363 illis
359 2300 453 2383 votis,
475 2321 557 2384 quae
571 2301 641 2385 ipse
663 2322 721 2385 pro
748 2321 782 2365 se
804 2299 988 2384 nuncupari
1009 2299 1110 2382 iubet,
1132 2320 1190 2364 oro
1212 2304 1250 2367 et
1273 2301 1359 2366 obte

108 2383 112 2393 ¹
149 2401 233 2484 stor,
262 2400 290 2465 si
312 2400 395 2466 bene
416 2423 485 2467 rem
507 2402 687 2488 publicam,
706 2404 743 2467 si
766 2423 805 2467 ex
828 2401 972 2467 utilitate
993 2401 1135 2467 omnium
1158 2402 1266 2488 regit,
1296 2404 1389 2489 pri-u

58 2506 64 2517 ”
149 2524 239 2567 mum
260 2503 410 2569 utillum
430 2505 603 2590 nepotibus
627 2506 748 2571 nostris
770 2525 809 2571 ac
831 2502 1065 2590 pronepotibus
1087 2524 1211 2589 serves,
1244 2505 1358 2572 deinde

148 2607 186 2670 ut
207 2605 398 2691 quandoque
419 2608 635 2673 successorem
658 2607 686 2672 ei
709 2607 834 2672 tribuas
855 2628 951 2692 quem
980 2606 1145 2692 genuerit,
1175 2628 1277 2692 quem
1296 2608 1358 2684 ior·

151 2708 288 2774 marerit
309 2708 510 2795 similemque
539 2710 655 2775 fecerit
682 2709 851 2794 adoptato,
882 2712 940 2774 aut
961 2709 989 2774 si
1016 2709 1078 2774 hoc
1106 2709 1174 2775 fato
1204 2714 1356 2798 negatur,

150 2809 185 2874 in
209 2810 344 2876 consilio
366 2813 410 2876 sis
438 2811 573 2899 eligenti
602 2816 823 2898 monstresque
851 2811 991 2897 aliquem
1019 2832 1113 2896 quem
1140 2811 1295 2898 adoptari
1324 2814 1357 2879 in

149 2911 310 2998 Capitolio
331 2913 451 2979 deceat.
1361 2945 1382 2986 n

98 3019 140 3086 95
236 3014 354 3100 Vobis,
384 3021 494 3102 patres
522 3017 715 3103 conscripti,
736 3021 901 3103 ‘quantum
928 3017 1062 3100 debeam
1088 3017 1231 3105 publicis
1259 3019 1356 3085 etiam

149 3119 367 3184 monumentis
390 3120 586 3186 continetur.
624 3143 681 3186 vos
703 3120 783 3186 mihi
805 3121 840 3185 in
855 3120 1026 3186 tribunatu
1048 3121 1181 3207 quietis,
1206 3120 1244 3188 in
1266 3143 1356 3208 prae-

148 3222 225 3285 tura
247 3221 512 3304 modestiae,'vos
534 3223 657 3288 inistis
679 3223 797 3288 officiis
819 3223 929 3308 etiam,
944 3226 1035 3308 'quae
1058 3244 1075 3287 e
1097 3224 1214 3290 studiis
1237 3224 1355 3291 nostris

150 3322 235 3388 circa
257 3324 393 3389 tuendos
415 3325 518 3390 socios
540 3324 764 3410 iniunxeratis,
789 3347 861 3390 cum
881 3331 958 3406 fidei
978 3327 1280 3418 tumpconstantiac
1302 3349 1355 3393 nn·

149 3517 354 3527 ----—.

216 3633 348 3690 3deoss
367 3636 447 3688 diuos
464 3638 531 3687 nbc
548 3635 661 3701 diuersi
729 3637 894 3689 tconsules
915 3640 1004 3705 proB
1085 3642 1192 3704 tqucc
1211 3656 1262 3706 pro
1283 3639 1354 3692 rusie

148 3703 275 3770 principe
298 3705 482 3770 precabamur
507 3706 552 3755 Ad
578 3722 649 3771 quas
676 3706 748 3757 malo
775 3707 901 3772 principe
929 3708 1152 3772 precabamurB
1179 3711 1256 3773 qnae
1284 3709 1354 3760 malo

148 3772 269 3838 principi
287 3773 470 3838 precabamur
488 3786 504 3828 ς
523 3788 592 3838 quae
610 3775 683 3825 malo
701 3776 822 3841 principi
840 3775 1064 3840 imprecabamnr
1075 3777 1182 3841 Lipsius
1267 3781 1283 3828 7
1303 3794 1353 3827 non

148 3842 223 3891 enirn
242 3842 419 3892 concordiam
439 3857 493 3891 non
512 3859 611 3907 pacem
629 3845 652 3894 A
731 3846 746 3893 9
765 3843 938 3907 complexum
956 3860 1039 3894 unum
1052 3848 1171 3894 omniurn
1191 3849 1289 3896 uotum
1309 3847 1353 3895 Ca·

148 3915 256 3959 taracus
326 3912 358 3960 10
376 3916 443 3962 uctu
462 3911 543 3960 estB
630 3927 703 3961 noua
720 3912 775 3962 tibi
795 3912 964 3977 iniungimus
983 3913 1021 3967 ἀς
1044 3928 1143 3962 nouam
1161 3913 1215 3962 tibi
1233 3914 1353 3979 iniungi-

148 3991 207 4027 mus
224 3978 245 4026 Β
263 3977 316 4027 tibi
334 3994 406 4028 noua
430 3979 639 4043 iniungimusA
661 3996 761 4030 nouam
791 3980 842 4028 tibi
869 3982 1041 4045 iniungimus
1068 3997 1161 4031 curam
1183 3982 1354 4047 Cuspinirruus

217 4048 247 4095 11
267 4047 323 4096 iam
341 4047 426 4100 orm
498 4050 529 4098 13
547 4048 592 4097 hic
611 4065 661 4113 pro
679 4049 805 4099 omnibus
823 4048 847 4096 A
917 4058 978 4098 erat
996 4062 1080 4105 om.5
1141 4052 1174 4100 14
1193 4052 1276 4100 stetit
1294 4052 1354 4100 sar

149 4115 286 4180 cstetitt
355 4117 523 4180 praeteritus
541 4118 599 4166 cod.
620 4118 728 4168 Medici.
746 4130 764 4173 ς
780 4118 942 4182 perterritus
961 4119 1031 4166 Asc
1098 4134 1116 4168 a
1134 4119 1252 4184 pissimo
1273 4121 1288 4182 β

148 4183 196 4246 qui
206 4184 353 4248 praeteriri
363 4186 420 4235 cod.
432 4184 571 4239 Mediets
589 4187 636 4248 qui
656 4187 806 4251 perterreri
833 4186 875 4235 Ab
903 4187 950 4250 qui
976 4187 1127 4251 perterrifl
1154 4192 1279 4254 perterri
1299 4188 1353 4250 (ors.

148 4251 205 4314 qui)
225 4252 241 4299 d
312 4255 343 4303 15
361 4258 472 4318 poterat
489 4255 547 4303 eod.
567 4254 674 4305 rlierlr'ol.
694 4255 798 4319 poterit
815 4254 886 4302 ABd
904 4257 993 4319 potuit
1012 4268 1028 4310 ς
1109 4259 1142 4306 22
1160 4271 1354 4308 successorem

147 4317 491 4371 A²Bsdsuccessorumd
560 4324 593 4372 ‘23
614 4323 672 4373 fato
690 4322 791 4378 A⁹bd5
811 4323 886 4372 iacto
905 4323 948 4385 Δβ
1027 4325 1059 4373 24
1078 4325 1117 4373 sis
1138 4324 1262 4389 eligenti
1282 4342 1355 4375 mon-

147 4391 272 4453 stresque
291 4403 307 4445 ς
326 4395 350 4441 si
369 4390 473 4454 legenti
492 4396 681 4456 monstresque
708 4394 729 4441 B
756 4391 810 4440 sibi
833 4390 939 4454 legenti
962 4397 1100 4442 monstres
1118 4394 1163 4442 Ad
1181 4408 1211 4443 se
1238 4395 1355 4460 eligenti

147 4464 338 4522 monstresque
357 4462 414 4511 cori.
434 4459 543 4509 Medici,
623 4464 657 4512 28
675 4461 775 4510 ciliciis
794 4462 880 4510 etiam
898 4476 970 4524 quae
990 4477 1004 4510 e
1024 4463 1064 4523 (et
1082 4461 1108 4523 d)
1127 4461 1232 4511 studiis
1253 4465 1356 4514 nocuis

148 4523 224 4575 circs
240 4527 321 4582 tcds
338 4526 439 4577 officiis
458 4528 543 4578 etiarn
562 4543 615 4592 qus
635 4530 752 4579 etenim
770 4528 870 4580 studiis
883 4531 984 4579 nostris
1001 4530 1077 4580 circa
1096 4530 1111 4590 β
1134 4529 1233 4580 cilitiis
1254 4540 1284 4583 et
1301 4539 1356 4583 stu·

42 4632 96 4672 h
149 4589 202 4644 diis
219 4596 379 4663 nostrisque
398 4596 514 4649 circas
566 4599 599 4650 29
618 4613 679 4650 cum
698 4605 755 4649 tum
774 4597 999 4661 constantioris
1015 4603 1144 4650 eumcum
1164 4603 1356 4654 contantini

1116 4791 1136 4818 Ω
