2934 4966
174 255 240 321 370
528 262 532 268 “
561 275 566 286 ·
638 250 641 257 ’
669 201 674 214 ¹
704 267 855 320 c.en1ur

70 477 73 484 .
174 447 271 512 quam
293 428 469 492 senatores.
507 425 652 512 plerique
679 427 791 492 tumen
812 449 880 493 non
901 429 971 492 tam
992 424 1145 511 superbie
1173 446 1280 511 quarn
1303 426 1391 490 metu

175 527 313 612 quodam
336 528 631 594 summovebantur.
665 551 710 594 an
737 532 923 616 stuprorum
949 528 1012 594 sibi
1040 527 1314 615 incertorumque
1336 549 1393 595 no·

176 629 277 696 otium
299 631 420 698 conscii
442 631 587 716 auspicia
608 631 751 717 polluere
765 636 992 718 sacratumque
1013 652 1164 716 campum
1179 631 1318 697 nefario
1340 653 1394 697 an-

175 732 292 798 derent
320 737 541 800 contaminare
570 732 732 827 vestigio?
767 756 835 801 non
862 735 942 800 adeo
969 733 1046 799 deos
1075 732 1298 820 hominesque
1320 756 1395 800 con·

175 839 392 922 tempserunt,
421 842 459 904 ut
486 838 521 903 in
548 836 606 903 illa
628 837 864 923 speciosissima
891 837 966 904 sede
993 837 1161 903 hominurn
1189 837 1417 925 deorumque⁵

177 941 340 1006 coniectos
361 941 397 1006 in
427 963 461 1007 se
483 940 593 1006 oculos
621 941 707 1006 ferre
729 962 767 1006 ac
789 941 916 1026 perpeti
937 943 1081 1026 possent.
1118 939 1181 1006 tibi
1211 944 1338 1006 contra
1365 945 1397 1005 et

59 1080 70 1087 -
176 1042 355 1108 moderatio
381 1046 440 1108 tua
467 1043 570 1108 suasit
597 1046 631 1108 et
652 1044 810 1109 sanctitas
837 1047 874 1108 nt
903 1046 936 1108 te
964 1047 997 1109 et
1023 1042 1175 1130 religioni
1197 1042 1344 1109 deornm
1365 1047 1398 1108 et

123 1143 301 1210 64iudiciis
324 1144 490 1211 homiuum
512 1145 691 1212 exhiberes.
729 1145 783 1211 alii
814 1148 1018 1212 consulatum
1040 1148 1117 1212 ante
1139 1167 1242 1232 quom
1269 1147 1396 1232 accipe

176 1250 266 1330 rent,
295 1250 332 1312 tu
364 1251 396 1313 et
424 1249 500 1313 dum
528 1248 649 1334 accipis
677 1249 832 1314 meruisti.
870 1252 1003 1335 peracta
1025 1252 1120 1314 eraut
1140 1248 1324 1315 sollemnia
1348 1269 1396 1314 co

176 1349 358 1434 mitiorum,
383 1353 410 1415 si
432 1350 614 1437 principem
638 1352 820 1438 cogitares,
848 1351 977 1438 iamque
999 1372 1033 1417 se
1055 1351 1160 1417 onmis
1181 1352 1425 1418 turbarum-1⁰

178 1457 340 1538 moverat,
365 1474 438 1518 cum
460 1456 497 1518 tu
512 1453 714 1545 mirantibus
737 1455 863 1543 cuncus
882 1454 1011 1544 accedis
1033 1455 1075 1520 ad
1098 1454 1245 1520 consulis
1267 1441 1399 1537 sellam,

179 1554 378 1640 adigendum
408 1557 441 1620 te
463 1556 599 1641 praebes
630 1557 668 1622 in
701 1557 799 1622 rerba
826 1557 1029 1643 principibus
1055 1557 1187 1643 ignota,
1222 1557 1292 1623 nisi
1322 1578 1391 1623 cum

177 1657 285 1724 iurare
307 1662 462 1745 cogerent
484 1658 574 1724 alios.
605 1659 695 1725 rides
717 1680 815 1746 quam
829 1658 1046 1726 necessarium
1060 1648 1162 1724 fuerit
1183 1659 1391 1747 consulatum

178 1782 245 1826 non
268 1762 433 1828 recusare:
460 1782 527 1827 non
554 1766 757 1847 putassemus
786 1761 873 1828 istud
901 1765 935 1827 te
956 1762 1120 1827 facturum
1141 1761 1264 1848 fnisse,
1294 1763 1390 1829 sire

93 1913 95 1917 a
181 1885 336 1930 cusasses.
379 1868 509 1950 stupeo,
543 1868 652 1950 patres
684 1864 877 1951 conscripti,
911 1865 1050 1931 necdum
1081 1863 1162 1929 satis
1193 1868 1256 1931 aut
1289 1864 1418 1931 oculis1⁵

74 1987 101 2002 ⁰
180 1967 259 2031 meis
288 1969 346 2032 aut
375 1967 505 2032 auribus
534 1968 628 2032 credo
661 1970 758 2053 atque
784 1966 962 2033 identidem
990 1970 1041 2033 me
1068 1989 1112 2033 un
1140 1967 1320 2053 audierim,
1349 1990 1389 2032 an

182 2069 317 2135 viderim
350 2070 527 2157 interrogo.
569 2070 762 2156 imperator
779 2091 857 2157 ergo
886 2074 920 2135 et
946 2068 1066 2136 Caesar
1100 2078 1132 2134 ct
1158 2069 1333 2156 Augustus
1363 2085 1390 2136 et

179 2172 327 2258 pontifex
349 2174 508 2238 maximus
531 2173 623 2238 stetit
645 2176 722 2238 ante
744 2172 904 2259 gremium
926 2171 1066 2237 consulis
1073 2222 1082 2256 ,
1106 2171 1255 2258 seditque
1279 2172 1390 2239 consul

163 2275 329 2362 ⁴principe
352 2279 429 2341 aute
451 2298 485 2340 sc
508 2279 632 2361 stante,
655 2279 689 2341 et
710 2275 795 2341 sedit
815 2275 1017 2359 inturbutus,
1041 2275 1229 2360 interritus,
1253 2279 1389 2342 ettam-

180 2400 278 2464 quam
299 2378 346 2443 ita
367 2378 438 2444 fieri
460 2378 586 2444 soleret.
622 2378 702 2464 quin
724 2378 822 2443 etiam
851 2378 966 2444 sedens
992 2387 1090 2443 sturm
1108 2378 1250 2465 praeivit
1270 2379 1325 2445 ius
1345 2379 1419 2444 ius

123 2530 126 2535 -
180 2480 335 2565 randum,
367 2484 400 2546 et
426 2481 482 2546 ille
513 2480 648 2565 iuravit,
678 2480 837 2566 expressit
865 2479 1116 2567 explanaritquc
1143 2481 1244 2547 verba
1272 2482 1389 2569 quibus

182 2586 280 2669 caput
294 2605 404 2668 suum,
427 2583 557 2648 domurn
571 2605 679 2668 suam,
702 2584 730 2648 si
745 2583 851 2649 sciens
866 2583 1053 2670 fefellisset,
1076 2584 1208 2651 deorum
1230 2585 1303 2653 irae
1319 2608 1390 2652 con·

138 2731 145 2740 -
181 2689 334 2752 sectaret.
376 2686 505 2772 ingens,
529 2685 664 2770 Caesar,
693 2688 727 2750 et
748 2676 809 2771 par
823 2686 927 2772 gloria
948 2689 1022 2771 tua,
1051 2687 1119 2752 sive
1141 2686 1285 2753 fecerint
1307 2687 1391 2754 istud

181 2792 294 2875 postea
315 2789 496 2874 principes,
525 2789 591 2854 sive
614 2810 681 2854 non
703 2787 851 2855 feceriut.
889 2788 998 2855 ullane
1026 2788 1107 2855 satis
1134 2789 1238 2876 digna
1265 2791 1391 2877 praedi·

182 2893 268 2959 catio
291 2895 341 2958 est
362 2892 447 2957 idem
469 2891 567 2957 tertio
595 2891 760 2957 consulem
787 2891 904 2970 fecisse
931 2890 1015 2977 quod
1037 2893 1158 2979 primo,
1187 2893 1276 2959 idem
1305 2895 1422 2981 prin-¹⁵

184 2994 288 3081 eipem
309 2993 394 3080 quod
415 2995 597 3081 privatum,
626 2993 712 3059 idem
734 2994 960 3080 imperatorem
982 2995 1067 3081 quod
1089 2996 1150 3062 sub
1170 2995 1392 3084 imperatore?

75 3092 78 3096 “
182 3098 292 3164 nescio
313 3098 396 3183 iam,
426 3097 536 3163 nescio
564 3096 773 3182 pulchriusne
795 3098 839 3162 sit
859 3097 945 3163 istud
977 3098 1062 3183 quod
1089 3103 1268 3184 praeeunte
1292 3101 1390 3186 nullo,

132 3196 228 3266 uaan
249 3200 311 3266 hoc
333 3200 419 3287 quod
442 3199 506 3265 alio
527 3203 704 3286 praeeunte
726 3200 851 3265 iurasti.
887 3199 921 3264 in
936 3200 1051 3266 rostris
1073 3223 1200 3289 quoque
1221 3203 1326 3270 simili
1347 3226 1393 3270 re·

162 3302 307 3389 -ligione
339 3304 409 3389 ipse
430 3307 464 3368 te
485 3303 612 3390 legibus
642 3302 826 3387 subiecisti,
854 3302 997 3389 legibus,
1024 3303 1160 3392 Caesar,
1188 3328 1271 3392 quas
1300 3328 1393 3373 nemo

165 3407 325 3493 principi
348 3407 489 3493 scripsit.
519 3406 575 3472 sed
597 3410 633 3471 tu
649 3406 732 3471 nihil
747 3405 884 3490 amplius
899 3407 948 3472 vis
970 3407 1033 3472 tibi
1053 3407 1152 3474 licere
1166 3431 1267 3494 quam
1283 3411 1393 3476 nobis:
1403 3423 1424 3464 ³⁰

185 3509 233 3575 sic
254 3509 292 3575 fit
314 3513 351 3576 ut
372 3531 431 3576 uos
453 3509 514 3576 tibi
536 3509 610 3595 plus
633 3509 778 3575 velimus.
815 3511 901 3594 quod
930 3531 991 3598 ego
1013 3533 1102 3578 nunc
1123 3511 1265 3596 primum
1289 3513 1394 3595 audio,

257 3672 268 3720 l
289 3669 448 3734 superbiam
467 3683 550 3733 quam
570 3673 671 3732 ructum
691 3666 706 3729 β
784 3667 1025 3732 bspeciosissima
1041 3666 1106 3718 teu
1123 3667 1337 3736 spatiosissima
1354 3670 1394 3723 Βς

256 3740 288 3789 13
307 3737 392 3788 fuerit
409 3739 426 3787 d
443 3738 535 3787 fuerat
553 3738 576 3786 Δ
595 3738 647 3786 fnit
665 3735 728 3785 Bac
798 3735 1033 3787 attentaturum
1052 3737 1096 3792 Βς
1168 3738 1200 3788 15
1219 3739 1393 3803 necdumque

185 3807 258 3858 eatis
274 3807 319 3862 Βς
382 3806 432 3856 ’16
450 3822 493 3856 me
513 3821 549 3856 an
568 3805 704 3855 audierim
723 3819 758 3853 an
777 3803 892 3854 uiderim
909 3803 954 3860 ae
974 3822 1017 3856 mc
1036 3822 1072 3855 an
1092 3805 1227 3856 audierim
1246 3812 1301 3856 aut
1318 3807 1394 3855 nide-

186 3876 237 3927 rim
254 3876 298 3925 se
316 3891 359 3925 mc
380 3872 424 3937 (ne
441 3873 471 3938 d)
490 3874 626 3924 audierim
645 3878 694 3923 aut
711 3871 828 3923 uiderim
848 3875 884 3922 cd
1039 3876 1071 3925 17
1090 3869 1246 3941 interrogo]
1267 3874 1393 3936 intelligo

186 3947 222 3994 cd
274 3949 304 3996 et
322 3941 427 3994 Caesar
445 3948 474 3993 et
492 3943 634 4008 Augustus
654 3947 682 3992 et
695 3942 821 4006 pontifex
834 3943 965 3993 Liuineius
982 3951 1009 3994 et
1025 3945 1112 3995 codex
1127 3944 1241 3994 Venetus
1255 3941 1395 3993 Scbwrrrzir'

187 4020 216 4064 et
233 4029 333 4064 caesar
353 4018 382 4063 et
401 4019 535 4077 augustus
554 4011 678 4077 pontifex
697 4010 744 4058 Aa
764 4016 792 4060 et
811 4026 910 4060 caesar
928 4017 1064 4078 augustus
1082 4012 1209 4078 pontifex
1226 4011 1264 4061 cd
1366 4010 1393 4057 19

187 4097 217 4132 se
235 4083 318 4132 om.b
388 4086 416 4131 et
435 4079 509 4132 sedit
526 4080 609 4129 Bacd
628 4083 656 4128 et
674 4093 704 4127 se
722 4080 745 4126 Δ
814 4081 848 4129 20
866 4080 964 4131 sedens
987 4081 1074 4131 stanti
1093 4081 1216 4148 praciuit
1234 4080 1258 4129 I.
1278 4081 1309 4130 F.
1332 4077 1392 4124 Gru·
1427 4095 1430 4101 ·

187 4149 436 4202 numeratam!
456 4149 606 4198 resedens
626 4147 837 4213 prcbuitltaos
864 4149 965 4200 sedens
992 4150 1089 4201 sedens
1118 4149 1230 4216 prebuit
1248 4150 1267 4198 d
1284 4147 1393 4213 prebuit
1421 4170 1424 4175 ·

188 4218 247 4278 (om.
266 4218 376 4282 sedens)
394 4218 417 4266 Δ
436 4219 522 4267 stanti
542 4219 646 4282 praeiit
663 4218 743 4266 editio
761 4216 940 4280 Lupduneusis
958 4235 982 4268 a.
998 4222 1067 4270 1531
1085 4225 1110 4269 et
1128 4218 1254 4269 Sicbardr'
1270 4219 1297 4265 r'n
1315 4229 1392 4276 marr-p.

256 4290 288 4338 22
307 4289 400 4338 sciens
420 4289 547 4337 Liuineius
565 4287 690 4336 scienter
707 4285 797 4335 Aaou
882 4289 915 4337 ‘23
935 4292 985 4337 tua
1002 4288 1091 4341 out
1168 4289 1203 4336 24
1221 4284 1393 4351 praedicatio

187 4353 272 4420 digua
289 4357 332 4411 Βς
413 4356 445 4406 27
465 4353 532 4419 ianr]
553 4370 588 4404 an
608 4354 643 4418 βο
729 4358 763 4405 30
780 4351 862 4419 nillil]
882 4354 961 4411 uilA
1048 4360 1079 4408 31
1100 4354 1173 4423 quod
1192 4369 1245 4418 ego
1264 4354 1313 4403 AB
1332 4349 1393 4418 quid

188 4438 240 4489 ego
258 4427 295 4474 cd
313 4424 386 4490 quod
406 4441 471 4488 ergo
492 4425 633 4475 Gesnerus:
662 4424 726 4490 quid
746 4439 798 4487 ego
817 4422 894 4488 (quid
913 4439 977 4491 ergo
997 4423 1169 4490 Selmena)
1188 4438 1261 4472 nunc
1280 4423 1391 4489 primurn

188 4491 269 4542 audio
287 4509 360 4544 nunc
380 4495 497 4561 primum
516 4493 611 4544 disco?
629 4494 734 4558 Lipsius
751 4500 778 4543 et
795 4492 956 4544 Scleworzius
1080 4509 1153 4544 nunc
1176 4492 1295 4559 primum
1313 4492 1393 4543 anulio

188 4562 277 4612 our]
