2934 4966
158 277 223 340 210
683 291 714 339 c.
738 292 835 341 euius

159 443 376 530 gotiatoribus
398 444 589 509 ementibus.
620 444 782 509 invitabat
795 447 946 531 pretium,
969 451 1003 513 ot
1016 448 1101 533 quod
1123 452 1202 514 tuuc
1225 452 1261 514 et
1281 449 1370 534 quod
1431 494 1435 501 -

129 538 229 610 2f0re
252 545 430 610 videbatur.
468 568 541 630 spes
562 545 692 611 fefellit.
724 551 795 613 erat
816 549 1001 635 expeditum
1022 551 1173 616 omnibus
1199 550 1369 616 remittere
1412 558 1415 562 ’

160 646 352 733 aequaliter,
372 647 427 712 sed
443 670 509 713 uon
524 650 604 714 satis
620 671 769 734 aequum.
798 650 880 715 mibi
894 654 1004 716 autem
1019 652 1187 737 egregium
1200 653 1237 719 in
1252 653 1368 739 pn'mis
1454 685 1455 688 ¹

160 750 287 817 videtur
319 754 357 815 ut
383 749 464 815 foris
494 751 542 815 ita
570 751 672 835 domi,
702 755 739 817 ut
765 753 801 818 in
822 755 952 839 magnis
977 753 1025 818 its
1052 754 1088 818 in
1110 753 1237 839 parvis,
1266 757 1307 819 ut
1333 756 1368 819 iu

160 853 274 919 alienis
297 853 344 917 ita
364 852 400 918 in
421 853 486 917 suis
515 855 641 938 agitare
660 853 828 920 iustitiam.
859 877 937 921 nsm
951 855 979 921 si
994 856 1087 940 pario
1101 860 1249 941 peccata,
1271 878 1393 943 paress

130 956 259 1028 3etia1u
283 956 403 1020 laudes.
433 956 542 1040 itaquo
558 956 708 1021 omnibus
729 958 869 1043 quidem,
892 959 1021 1043 nequis
1042 957 1123 1023 mihi
1138 979 1206 1023 non
1227 957 1369 1024 donatus

161 1060 284 1142 abiret,
307 1062 434 1143 partem
456 1062 603 1123 octavam
626 1057 723 1142 pretii
744 1080 808 1143 quo
829 1060 902 1145 quis
923 1064 1047 1126 emerat
1069 1060 1230 1145 concessi,
1252 1059 1369 1125 deinde

160 1164 201 1228 iis
223 1162 278 1247 qui
293 1160 508 1246 amplissimas
531 1181 671 1225 summas
694 1161 912 1244 emptionibus
933 1167 1171 1248 occupaverant
1191 1163 1370 1248 separatim

163 1263 319 1330 consului.
349 1286 426 1328 nam
442 1268 475 1328 et
496 1285 547 1328 me
561 1262 666 1347 magis
688 1261 838 1328 iuverant
860 1266 894 1328 et
907 1264 1011 1329 maius
1032 1265 1100 1352 ipsi
1117 1263 1266 1331 fecerant
1280 1265 1381 1338 dam·⁴

131 1369 249 1433 dnum.
280 1366 382 1451 igitur
404 1366 444 1430 iis
460 1364 515 1450 qui
538 1363 639 1449 pluris
661 1376 758 1448 quam
773 1363 885 1431 decem
899 1352 1193 1433 milibus'emerant
1214 1367 1255 1433 sd
1276 1366 1372 1433 illam
1385 1391 1408 1428 a

159 1464 364 1534 'communem
387 1471 420 1532 ot
433 1466 525 1552 quasi
540 1465 704 1552 publicam
718 1469 867 1533 octavam
881 1468 990 1533 addidi
1011 1469 1179 1535 decumam
1201 1470 1270 1535 eius
1286 1491 1372 1535 sum·

90 1634 93 1640 .
132 1574 234 1639 burae
242 1621 252 1656 ,
275 1593 338 1656 qua
350 1570 461 1636 decom
476 1569 566 1634 milia
580 1563 794 1635 excesserant·
828 1591 941 1636 vereor
954 1593 996 1637 ue
1009 1593 1126 1657 parum
1141 1572 1372 1657 expresserim

164 1673 307 1758 apertius
330 1673 470 1738 calculos
492 1672 672 1738 ostendam.
702 1672 786 1758 siqui
815 1671 899 1737 forte
926 1673 1110 1759 quindecim
1132 1673 1264 1739 milibus
1287 1694 1371 1739 eme·
1445 1640 1453 1721 l

164 1780 258 1858 rant,
285 1775 320 1840 hi
348 1780 381 1840 et
408 1775 592 1860 quindecim
619 1774 745 1839 milium
766 1778 915 1841 octavam
942 1777 976 1839 et
1003 1774 1146 1861 quinque
1166 1774 1296 1841 milium
1317 1774 1370 1839 de
1447 1814 1451 1819 -

135 1878 283 1945 dcimam
305 1868 459 1942 tulerunt.
494 1881 678 1963 praeterea,
708 1898 781 1943 cum
807 1880 992 1962 reputarem
1014 1869 1172 1962 quosdam
1199 1899 1239 1944 ex
1260 1876 1373 1943 debito
1387 1897 1408 1937 a
1447 1880 1450 1885 '

166 1980 384 2066 aliquantum,
405 1980 560 2064 quosdam
582 1979 721 2065 aliquid,
750 1980 905 2064 quosdam
926 1977 1008 2045 nihil
1032 1979 1229 2065 reposuisse,
1250 1999 1373 2064 nequa·
1446 1974 1450 1985 '

166 2103 263 2168 quam
285 2102 395 2145 verum
410 2081 608 2166 arbitrabar,
631 2103 711 2167 quos
732 2103 799 2147 non
813 2083 985 2167 aequasset
1005 2080 1085 2146 fides
1100 2080 1291 2164 solutionis,
1314 2081 1374 2145 hos
1444 2138 1448 2169 ἶ

137 2184 373 2271 lbenignitate
401 2183 597 2249 remissionis
625 2185 768 2270 aequori.
809 2205 921 2249 rursus
949 2204 1028 2270 ergo
1053 2182 1095 2248 iis
1124 2182 1180 2268 qui
1206 2182 1376 2247 solverant

168 2287 236 2352 eius
257 2285 343 2371 quod
364 2286 528 2350 solverant
542 2286 699 2351 decimam
721 2285 841 2351 remisi.
871 2307 931 2371 per
952 2284 1014 2349 hoc
1036 2285 1124 2349 enim
1147 2282 1319 2370 aptissime
1341 2287 1375 2349 et
1443 2292 1446 2298 '

167 2391 203 2455 in
224 2388 435 2474 praeteritum
457 2389 593 2474 singulis
606 2410 667 2473 pro
690 2388 842 2474 cuiusque
857 2388 973 2453 merito
994 2386 1104 2473 gretia
1125 2384 1257 2463 referri,
1282 2387 1318 2449 et
1338 2385 1410 2450 insa
1443 2368 1447 2380 ³

167 2491 313 2558 futurum
327 2512 438 2555 omnes
461 2512 532 2555 cum
555 2490 594 2555 sd
611 2490 782 2555 emendum
803 2494 875 2555 tum
896 2489 994 2554 etiam
1011 2489 1052 2553 ad
1074 2486 1264 2561 solvendum
1287 2486 1375 2552 allici

139 2594 371 2663 svidebantur.
400 2613 520 2678 magno
541 2592 622 2657 milii
644 2613 701 2656 seu
723 2592 807 2657 ratio
829 2590 911 2656 haec
933 2613 990 2657 seu
1014 2590 1157 2655 facilitas
1179 2588 1290 2673 stetit,
1319 2588 1375 2654 sed
1466 2660 1467 2686 i

168 2695 233 2761 fuit
253 2695 350 2760 tanti.
381 2716 458 2761 nam
473 2696 605 2780 regione
626 2698 696 2759 tota
718 2698 751 2758 et
770 2693 896 2759 novitas
911 2693 1110 2759 remissionis
1125 2693 1159 2756 et
1178 2690 1286 2755 forma
1308 2691 1376 2756 lau·
1404 2744 1409 2750 .
1466 2687 1467 2711 ³

170 2798 276 2864 datur.
307 2821 346 2863 ex
368 2797 447 2883 ipsis
470 2798 584 2881 ctiam,
614 2818 693 2882 quos
715 2819 782 2862 non
804 2819 887 2880 una,
916 2799 953 2860 ut
981 2795 1117 2879 dicitur,
1145 2794 1289 2880 pertica,
1319 2793 1375 2858 sed
1440 2842 1443 2849 s

171 2901 324 2966 distincte
351 2899 576 2985 gradatimque
603 2899 759 2982 tractavi,
787 2901 910 2983 quanto
935 2897 1007 2983 quis
1029 2895 1144 2962 melior
1172 2899 1205 2961 et
1231 2897 1411 2982 probior,ss

171 3007 266 3069 tanto
287 3001 367 3068 mihi
391 3001 564 3087 obligatior
586 3003 683 3085 abiit,
707 3005 857 3086 expertus
877 3021 945 3065 nou
968 3021 1037 3064 esse
1051 2999 1137 3084 apud
1151 3019 1203 3061 me
1224 2999 1262 3064 ἐν
1285 3000 1324 3064 δὲ
1346 2998 1376 3083 ἰῇ

170 3113 242 3191 τιμῇ
265 3107 345 3185 ἠμὲν
367 3107 466 3170 κακὸν
489 3106 547 3183 ἠδὲ
570 3107 622 3171 καὶ
643 3107 766 3171 scetes.
797 3103 878 3168 valo.

209 3422 212 3432 “
245 3416 397 3482 lprotium
416 3441 448 3451 -
467 3414 645 3466 ‘Ividebatur
661 3431 708 3465 om.
726 3415 784 3476 tir,
804 3414 900 3463 arida
952 3412 1042 3462 2t⁴oro
1061 3415 1134 3476 artiga
1151 3410 1307 3462 scotusaei
1324 3413 1378 3462 erii-

174 3487 242 3535 tione
259 3486 388 3545 secanda,
406 3492 433 3532 ut
451 3486 562 3541 uidebo,
583 3484 653 3532 forto
672 3498 689 3531 a
757 3487 818 3531 crat
834 3482 906 3535 Πςι
928 3481 1013 3530 eritr
1080 3475 1326 3596 iiautemffiantr

173 3552 384 3604 uideretur!
469 3549 1027 3615 6(1οηιιιίεΜιο[.1ἠ-ρ.Αεη.11305
1112 3547 1191 3599 8bis
1238 3561 1253 3597 ι·
1324 3562 1380 3599 em-

174 3621 297 3672 tionibus
313 3621 341 3668 st
410 3621 539 3671 boonsai
558 3621 585 3667 Μ
652 3621 819 3670 inuenerant
835 3621 863 3667 11
932 3617 1061 3668 fecerant
1077 3616 1151 3671 lies
1168 3616 1330 3667 facereutr

176 3691 209 3741 10
227 3689 270 3740 his
287 3690 314 3738 x
401 3691 431 3738 11
452 3703 621 3738 communem
640 3703 696 3738 rem
716 3694 776 3737 etr
860 3679 1018 3750 decumam]
1037 3685 1276 3736 documsuimusr
1348 3685 1380 3734 12

175 3774 231 3824 qua
249 3757 314 3824 (quis
329 3755 354 3824 r)
374 3757 470 3806 decom
490 3757 566 3806 milia
584 3762 761 3806 excesserant
778 3755 823 3802 llr
847 3769 918 3816 φιλο
942 3754 1036 3803 decem
1055 3753 1132 3803 milis
1150 3757 1312 3804 excesserat
1330 3751 1380 3802 Co·

175 3836 318 3877 cannense
389 3829 419 3874 13
438 3825 596 3875 calculosis
615 3823 723 3873 calculo
741 3824 788 3871 llr
857 3823 889 3872 14
912 3819 951 3887 hi]
973 3822 1073 3881 door,
1096 3837 1143 3872 om.
1162 3821 1313 3874 Beroaldus

176 3901 205 3947 et
223 3895 363 3945 Vmiliurn
382 3894 540 3944 extulerant
559 3909 573 3942 r
592 3891 778 3943 uthiliuiu
797 3891 892 3940 decom
911 3891 1106 3945 extulerunts
1168 3892 1200 3940 17
1218 3886 1381 3955 aequasset}
1454 3918 1457 3927 ·

176 3977 281 4030 squar
366 3964 398 4012 18
416 3963 528 4028 aequari
546 3977 563 4010 s
582 3962 766 4024 aequamur
835 3959 879 4008 liis
896 3959 924 4007 11
1012 3961 1043 4009 19
1067 3959 1128 4008 eius
1145 3957 1218 4023 quod
1236 3957 1382 4006 soluerant

176 4049 225 4090 one.
242 4034 277 4094 11,
298 4034 358 4082 αιὶιΙ.
378 4045 414 4081 ra
483 4027 543 4096 por]
564 4043 646 4095 pror
714 4031 746 4077 ‘22
767 4028 836 4076 boec
857 4040 936 4078 ostar
1021 4028 1055 4078 24
1073 4029 1185 4076 ‘Plinius
1206 4024 1285 4075 VIII
1303 4026 1380 4087 epist.

178 4102 219 4150 Ex
237 4100 279 4150 bis
299 4102 379 4151 otiam
401 4125 433 4135 -
458 4101 491 4148 ‘20
515 4100 601 4148 obiit'
622 4099 743 4146 [balaeus
766 4103 852 4146 auriol.
873 4097 900 4144 in
922 4096 1044 4159 ysoudect.
1060 4096 1079 4157 f
1094 4098 1143 4145 105
1161 4113 1184 4146 o.
1207 4095 1249 4143 eri.
1269 4092 1379 4141 Asecus.
1405 4112 1424 4162 ',

178 4186 202 4221 o.
223 4173 290 4219 151⁶
392 4167 441 4218 sed
460 4167 593 4216 distinete
619 4166 741 4216 licaiacus
758 4179 775 4212 s
797 4162 845 4213 scd
868 4162 1041 4213 destinator
1062 4163 1194 4213 distinete
1216 4161 1244 4209 11
1349 4162 1402 4209 ‘25-
1445 4200 1452 4219 .,

179 4239 345 4288 tractauitr
413 4237 447 4285 20
464 4235 558 4285 abita
626 4233 658 4285 ἐν
677 4261 708 4270 -
727 4229 827 4284 {celto
844 4247 891 4279 om.
910 4232 969 4288 Mt,
988 4234 1051 4281 eald.
1070 4244 1099 4281 a:
1121 4232 1197 4281 IIosu.
1218 4228 1249 4279 II.
1271 4226 1344 4278 1319

178 4306 211 4357 11
231 4305 322 4357 κακὸν
340 4303 390 4371 ἠδὲ
409 4303 454 4354 καὶ
472 4301 574 4354 ἑεθλόν
594 4306 623 4353 (ι’,
643 4304 679 4354 ll.
700 4302 855 4365 Scotusam
874 4300 959 4351 κακὸ(
978 4298 1028 4365 ἠδὲ
1046 4299 1093 4350 και
1111 4295 1209 4349 sceno(
1227 4309 1244 4344 s
