2934 4966
361 349 365 353 .
422 271 672 372 arrarumauu
693 262 931 383 uutssurol)
1004 320 1008 326 -
1247 277 1288 352 at
1387 309 1388 312 ¹

74 481 143 551 qua
165 459 310 528 amicitia
329 461 516 548 principum
537 459 653 546 egisse.
690 457 746 524 sed
774 459 845 522 erat
866 457 947 538 [acre
974 451 1160 544 ingenium,
1186 454 1320 524 incre-8

77 565 179 632 dibile
200 563 360 650 studium,
383 585 510 630 summa
532 561 716 650 vigilantia.
759 561 932 637 lucubrare
954 558 1189 628 Vulcanalibus
1210 561 1292 627 inui-

14 728 20 737 .
77 667 207 753 piabat,
229 687 298 731 non
313 666 506 752 auspicandi
521 685 630 752 causa,
646 665 703 730 sed
718 663 880 749 studendi,
905 663 1017 729 statim
1032 686 1052 729 a
1065 668 1163 731 nocte
1176 662 1291 750 multa,
1364 722 1365 726 ,

16 807 24 817 ·
77 769 185 844 hieme
205 788 282 834 vero
304 769 449 836 ab'hora
471 769 627 855 septima,
651 766 703 834 rel
727 789 800 833 cum
814 759 1016 851 tardissime,
1039 768 1171 852 octava,
1193 786 1292 852 saepe
1321 785 1324 790 ·

10 882 15 893 ’
42 875 180 939 saeua
216 873 289 938 erat
309 881 389 938 saue
411 872 518 938 somni
539 869 765 957 paratissimi‚.
784 891 852 934 uon
879 890 1053 955 numquam
1083 869 1189 935 etiam·
1204 868 1292 934 iuter

76 975 152 1061 ipsa
172 974 281 1041 studia
300 975 457 1041 instantis
485 978 519 1041 et
547 974 736 1040 deserentis.
773 977 851 1041 aute
878 972 985 1038 lucem
1012 970 1083 1037 ibat
1104 971 1146 1037 ad
1167 968 1319 1057 Vespa-9

77 1079 209 1153 sianum
228 1079 460 1171 imperatorem
482 1081 574 1170 (uam
593 1076 650 1143 ille
680 1098 807 1163 quoque
827 1075 980 1142 noctibus
1002 1074 1185 1162 utebatur),
1214 1074 1291 1140 inde

78 1180 121 1245 ad
142 1174 340 1267 delegatum·
360 1168 424 1247 sibi
453 1172 611 1253 rcilicium.
656 1166 803 1245 reversus
836 1178 983 1263 domum,
1015 1176 1101 1264 quod
1132 1176 1292 1262 reliquum
1395 1261 1400 1268 ῃ

78 1281 253 1368 uaporis,
282 1281 406 1349 studiis:
426 1275 615 1360 reddebat(
637 1286 714 1367 post
741 1281 848 1348 cibum
875 1303 1000 1368 saepe,-
1023 1303 1119 1368 quem
1148 1270 1291 1347 interdiu
1303 1283 1343 1348 10

33 1384 184 1452 relevem
205 1388 240 1451 et
264 1384 396 1452 facilem
417 1390 563 1453 veterum
590 1406 679 1451 more
707 1384 871 1472 sumebat,
906 1388 1047 1470 aestate,
1081 1380 1188 1470 siquid
1220 1381 1291 1468 otii,

78 1487 215 1572 iacebat
232 1487 270 1554 in
290 1488 374 1574 sole,
397 1488 483 1563 liber
501 1488 691 1577 legebatur,
715 1487 896 1553 adnotabat
917 1486 1190 1573 excerpebatqua,
1207 1486 1291 1554 nihil

78 1589 170 1657 enim
196 1590 281 1677 legit
305 1591 397 1678 quod·
416 1609 495 1657 nou
511 1576 718 1676 excerperet:
751 1589 858 1655 dicere
875 1590 984 1654 -etiem
1014 1588 1140 1654 solebat
1158 1588 1291 1656 nullum
1361 1663 1363 1667 y

77 1714 151 1759 asse
171 1693 300 1759 librum
314 1696 388 1761 tam
412 1692 559 1777 malurn,¹
579 1695 617 1757 ut
643 1713 710 1757 non
739 1691 860 1777 aliqua·
874 1695 967 1777 parte
994 1691 1173 1778 prodesset
1216 1696 1340 1778 posili
1358 1741 1375 1746 ..
1432 1744 1433 1747 ,

79 1794 182 1861 solem
203 1795 392 1882 plerumque
419 1795 543 1881 frigida
568 1793 754 1860 lavabatur:
780 1794 898 1860 deinde
913 1793 1081 1880 ‘gustabat'
1097 1793 1290 1861 dormiebat
1418 1815 1423 1820 ’

37 1914 156 1984 mque¹
176 1897 363 1963 minimum:
393 1918 469 1963 mox
499 1896 593 1983 quasi
623 1896 686 1961 alio
719 1896 771 1962 die
800 1895 951 1962 studebat
971 1898 1129 1963 incanae
1150 1900 1290 1984 tempus.

80 2020 179 2086 super
199 1997 288 2066 hane
308 1999 393 2067 liber
402 2000 588 2086 legebatur,
612 1999 841 2084 adnotabatur,
865 1998 1042 2084 etquidem
1065 2001 1195 2067 cursim.
1225 2023 1290 2067 me
1302 2005 1341 2070 12
1452 2066 1455 2073 .

79 2101 164 2168 mini
185 2101 348 2189 quendam
369 2124 409 2168 ex
432 2102 556 2186 etnicis,
574 2122 646 2166 eum
666 2100 770 2167 lector
782 2100 940 2189 quaedam
955 2123 1127 2187 perperam
1146 2125 1291 2197 prunum·

78 2204 212 2290 tiasset‚
246 2225 415 2270 revocasse
447 2203 617 2296 strepeti
650 2204 808 2290 ooigisse,
841 2204 918 2270 huic
951 2205 1163 2271 avunculum
1182 2226 1302 2272 memn‘·
1345 2262 1347 2265 .

79 2304 200 2395 dixisse
222 2295 444 2373 ‘intellexeras
465 2300 722 2392 nempe?’'.cum
744 2306 800 2372 ille
822 2305 999 2393 adnuisset,
1024 2316 1094 2374 ‘cur
1108 2325 1186 2396 ergo
1201 2311 1308 2376 reso?

36 2428 66 2471 eo
80 2408 216 2495 cubas?
225 2410 337 2477 decem
360 2408 500 2497 amplius
515 2430 625 2501 versus
637 2407 700 2477 hae
713 2410 771 2499 tua
790 2409 1052 2501 interpellatione
1066 2412 1289 2498 perdidimus:

77 2515 176 2599 muta
193 2512 270 2582 {erat
295 2500 497 2600 parsimonia
524 2502 692 2597 temporis.
728 2496 885 2598 suigebat
912 2505 1037 2599 aestate
1059 2536 1079 2579 a
1102 2498 1183 2580 aaa
1203 2500 1288 2600 luce,
1302 2517 1341 2603 13

77 2613 186 2693 hieme
215 2615 305 2681 intra
337 2614 476 2701 primam
498 2603 623 2699 noctis,
654 2617 688 2681 et
715 2603 881 2701 tamquam
909 2615 1017 2701 aliqua
1043 2616 1125 2704 lege*
1140 2609 1296 2704 cogente·

77 2716 269 2807 haee-inter
290 2717 413 2796 medios
434 2716 562 2792 labores
584 2717 736 2802 urbisque
757 2717 934 2788 fremitum.
971 2719 1008 2784 in
1036 2734 1164 2787 secessu
1186 2721 1290 2786 solum
1301 2725 1363 2795 14-2-

42 2839 45 2842 ’
77 2819 352 2906 balineitempus
375 2819 727 2886 studiia’erimebatur:
752 2843 825 2887 eum
847 2821 919 2887 dico
940 2822 1071 2907 balinei,
1095 2809 1142 2888 de
1157 2823 1295 2897 interio-

37 2942 64 2998 re
77 2921 170 2988 ribus
191 2922 319 3008 loquor3
341 2944 419 2988 nam
441 2922 518 2989 dum
541 2922 755 3010 destringitur
769 2925 981 3011 tergiturque,
999 2925 1152 2991 audiebat
1166 2925 1290 3011 aliquid

31 3035 33 3039 “
78 3027 140 3090 aut
158 3024 315 3090 dimabat.
345 3025 381 3090 in
402 3024 520 3090 itinere
535 3026 626 3110 quasi
643 3025 765 3092 solutus
788 3019 904 3092 ueteris
928 3029 1012 3094 curis
1033 3029 1109 3094 huic
1123 3032 1347 3099 astraea-uu

77 3127 154 3194 bat:
182 3127 224 3193 ad
250 3126 335 3192 latus
362 3129 509 3193 notarius
533 3150 606 3193 cum
628 3129 712 3199 libro
735 3132 768 3195 et
794 3128 1026 3218 pugillaribus,
1055 3131 1144 3200 cuius
1173 3153 1288 3199 manus

77 3228 187 3296 bieme
207 3229 607 3324 manicisyfimuniebantur,
631 3234 668 3295 ut
688 3253 731 3297 ne
754 3226 835 3298 iaeli
856 3233 986 3320 quidem
1007 3234 1165 3321 asperitas
1185 3217 1289 3300 ullum

77 3421 286 3434 m·-

134 3511 164 3558 ·1
184 3502 510 3575 quaesieramusffi:
531 3532 537 3539 ·1
572 3507 731 3560 incredibili
752 3525 823 3565 eurr.
840 3511 902 3563 —ie
920 3514 944 3562 V
1029 3506 1305 3579 avigduattatsmw
1393 3545 1406 3559 .·

79 3574 258 3629 stantiali-
300 3576 502 3642 luguumre‘m
567 3576 804 3644 ajVuleanalibus
823 3577 969 3634 Calaureae
1055 3582 1303 3634 tatanem-*moute*

78 3647 383 3696 rreestataaaoeae
401 3646 439 3708 p*
492 3644 649 3696 tab‘hora
667 3647 1082 3709 spru-ad-horaahoramv
1128 3648 1288 3701 tardissime

79 3714 117 3764 ab
136 3713 361 3776 horaoetauau
428 3719 550 3781 'octaua
570 3721 607 3783 ιεἰ
624 3720 703 3765 sexta
721 3729 735 3763 r
753 3723 855 3768 octaua
874 3719 933 3780 (ores.
952 3733 1037 3782 saepe
1056 3717 1149 3782 sexta]
1168 3731 1185 3773 ς
1271 3719 1288 3768 s

80 3781 240 3848 parcissimi
258 3782 279 3831 1>
351 3786 380 3832 et
397 3782 471 3832 inter
488 3797 502 3830 r
520 3781 605 3832 etiam
624 3782 691 3831 iun
713 3781 716 3785 ’
761 3781 777 3834 6
795 3783 949 3836 deserentis
967 3787 1075 3842 ulvae
1093 3785 1257 3838 disserentis
1274 3798 1289 3833 r
1313 3827 1316 3833 .

80 3849 236 3902 deserentis
253 3850 296 3899 Fa
313 3847 504 3914 differentiae
575 3849 658 3901 tillo
677 3865 785 3917 quoque
803 3854 859 3917 liv
929 3855 1000 3906 8ad
1017 3854 1176 3919 legatump
1245 3868 1289 3903 re·

79 3918 169 3985 liqum
185 3918 209 3967 V
226 3916 342 3968 relicum
357 3912 413 3968 tan
432 3918 568 3984 reliquom
584 3919 707 3973 Ittccurd,
761 3920 888 3990 tiquam]
908 3924 982 3989 ᾷςῦ
1053 3920 1087 3975 10
1104 3919 1287 3986 εωιιοζῃζδατζ

36 3986 41 3996 “
78 3989 107 4037 11
160 3985 265 4053 siquid
282 3987 348 4048 ¹tetii
364 3987 392 4035 m
412 3986 619 4052 siquidotion
685 3990 714 4037 11
731 3990 1256 4058 exerccepebutquellexcerpebutrs

80 4058 114 4107 12
133 4054 243 4106 solebat
260 4054 356 4105 borum
375 4055 512 4105 nullumr
600 4059 632 4106 14
650 4055 799 4108 leuabatur
816 4075 833 4109 a
857 4076 913 4125 qua
930 4061 1031 4113 deiude
1050 4062 1104 4123 pr*
1173 4057 1291 4110 dormie-

80 4125 188 4187 batque
205 4123 347 4174 minimum
364 4125 464 4188 Dpsa,
483 4123 726 4191 dedormiebatque
745 4128 886 4179 minimum
899 4130 954 4177 liv
972 4129 1184 4194 dormiebatque
1201 4128 1222 4179 ri
1238 4127 1288 4178 mi·

78 4194 185 4245 nimum
202 4193 225 4241 F
241 4191 454 4257 dormiebatque
473 4192 531 4254 (om.
550 4192 703 4258 minimum)
722 4209 736 4242 r
834 4200 865 4248 17
884 4199 1094 4262 pronuntiasset
1110 4211 1257 4262 perperam
1274 4209 1291 4243 r-

149 4262 184 4313 20
202 4261 362 4311 uersibusr
413 4261 444 4309 21
465 4275 483 4308 a
501 4259 564 4328 luce
583 4261 661 4312 Cena
679 4263 818 4326 hyeme!
870 4267 903 4315 ‘22
921 4271 948 4315 et
967 4271 1107 4332 tamquam
1125 4265 1146 4314 F
1164 4264 1287 4315 iiiecerd.

78 4342 119 4393 pa
137 4329 188 4381 sed
205 4335 347 4400 tamquam
365 4328 470 4383 arvus
488 4329 512 4378 si
530 4333 704 4396 tamquamr
774 4340 909 4397 coegente
926 4336 976 4385 vn
1046 4336 1080 4386 23
1098 4332 1242 4384 laborisil

79 4399 224 4451 tremitum
240 4398 326 4461 Dpra
344 4396 458 4446 fremitu
476 4399 531 4447 ln?
548 4399 670 4450 Itteeord.
690 4402 804 4451 tremitu
823 4403 846 4450 V
926 4404 955 4453 in
972 4417 1113 4453 secessum
1131 4402 1178 4452 ΕΙ)
1196 4402 1226 4451 in
1245 4415 1287 4451 se-

79 4482 192 4520 cessum
209 4465 472 4518 escessuareeara
547 4470 581 4519 ‘24
598 4475 707 4534 tempus
724 4496 758 4506 -
782 4469 888 4523 balinei
910 4473 997 4523 omn
1067 4469 1187 4522 studiis·
1254 4471 1288 4519 25

78 4536 261 4603 distringitur
278 4541 321 4585 ter
342 4539 457 4598 eturque
475 4537 497 4583 D
568 4536 674 4604 aliquid
694 4538 829 4590 audiebat
846 4552 861 4586 r
946 4540 980 4591 28
997 4553 1032 4591 nc
1046 4537 1119 4591 caeli
1136 4540 1219 4601 ητα
1236 4554 1290 4588 neo

78 4604 253 4658 aelildneo
272 4548 415 4655 caeiivn
473 4656 476 4663 ,

1070 4698 1109 4747 b!
