2934 4966
144 288 222 355 176
378 262 402 287 ”
670 238 855 354 ὀριιιιιι

158 457 237 524 tidie
270 478 384 522 cenae:
423 460 493 522 erat
524 458 666 538 modica,
699 460 726 523 si
759 458 940 543 principem
971 458 1153 544 cogitares(
1195 458 1364 525 interdum

28 623 30 626 ,
159 562 343 624 acroamata
365 558 588 644 audiebamus,
617 560 781 639 interdum
808 558 1048 626 iucundissimis
1071 561 1273 632 sermonibus
1296 583 1363 626 nox

61 691 65 699 ·
109 663 150 727 14
158 661 345 742 ducebatur.
390 683 514 727 summo
542 664 594 730 die
616 663 811 729 obeuntibus
838 662 932 729 nobis
956 663 1039 749 (tam
1060 661 1200 749 diligens
1222 663 1259 729 in
1280 662 1362 730 (lae

25 789 28 797 ·
157 785 229 828 sare
250 764 452 850 humanitas)
473 766 570 831 xenia
592 770 670 832 sunt
690 764 799 831 missa
843 763 900 830 sed
920 760 1002 829 mihi
1024 766 1061 830 ut
1082 764 1363 852 grantasccgni·
1416 819 1419 823 .

64 907 68 915 ·
157 865 299 949 tionum,
335 867 462 932 consilii
483 867 602 952 honor,
635 868 778 935 suavitas
809 864 1065 952 simplicitasque
1097 868 1280 952 convictus,
1315 868 1389 934 itae

81 971 148 1039 ,15
157 968 246 1034 locus
268 968 337 1054 ipse
358 970 574 1055 periucundus
600 969 675 1035 init.
719 968 796 1035 villa
822 967 1040 1054 pulcherrima
1068 967 1214 1055 cingitur
1233 968 1362 1035 uiridis·
1428 959 1430 963 ¹

158 1071 248 1136 simis
271 1072 376 1157 agris,
399 1073 546 1138 imminet
560 1073 665 1154 litori,
689 1073 779 1138 cuius
793 1071 830 1137 in
844 1070 918 1136 sinn
940 1070 980 1136 fit
995 1092 1068 1136 cum
1081 1071 1222 1137 maxime
1235 1075 1362 1157 portus.

157 1171 253 1238 huius
267 1173 435 1239 sinistrum
450 1174 620 1250 brachium
634 1174 818 1250 firmissimo
832 1195 931 1260 opere
943 1173 1107 1240 munitum
1128 1177 1189 1259 est,
1211 1174 1364 1240 dextrum

109 1276 148 1342 16
157 1274 351 1340 elaboratur.
396 1276 432 1340 in
454 1297 508 1341 ore
530 1281 643 1362 portua
669 1275 776 1341 insula
803 1275 966 1362 adsurgit,
999 1297 1082 1362 quae
1103 1274 1243 1342 inlatum
1264 1279 1364 1342 vento
1454 1336 1463 1357 ,

156 1397 246 1442 mare
275 1376 426 1442 obiacens
453 1377 588 1464 frangat
614 1381 785 1464 tutumque
816 1377 859 1443 ab
890 1380 1028 1463 utroque
1062 1377 1165 1445 latere
1191 1378 1402 1444 decursumu

98 1471 102 1477 ’
156 1478 296 1543 navibus
325 1483 479 1564 praestet.
523 1480 671 1567 adsurgit
698 1483 808 1546 autem
834 1483 904 1545 arte
925 1480 1076 1569 visenda:
1096 1480 1255 1566 ,ingentia
1283 1502 1364 1547 saxa

156 1579 317 1647 latissima
344 1583 438 1671 navis
466 1582 631 1667 provehit:
666 1587 781 1649 contra
808 1582 889 1649 haec
921 1582 986 1648 alia
1019 1604 1117 1669 super
1143 1583 1210 1649 alia
1235 1582 1363 1649 ‹leiecta
1454 1614 1458 1623 ·

156 1682 228 1768 ipso
250 1683 391 1768 pondere
419 1688 555 1750 manent
581 1706 620 1751 ac
641 1685 763 1751 sensim
783 1685 925 1772 quodam
952 1683 1041 1752 velut
1066 1705 1189 1772 aggere
1214 1687 1363 1751 conanu-

109 1790 147 1854 17
157 1790 267 1852 untur.
323 1786 445 1852 eminet
480 1787 550 1852 iam
583 1791 617 1852 et
652 1790 789 1883 apparet
821 1808 953 1852 saxeum
985 1787 1116 1853 dorsum
1144 1789 1364 1874 ‹upana-que
1445 1782 1449 1881 ξ

157 1887 274 1954 fluctus
296 1890 331 1954 in
352 1891 536 1955 inmensum
558 1890 651 1955 elidit
671 1893 706 1955 et
726 1889 838 1956 tollit·
868 1893 979 1956 vastus
1006 1889 1074 1955 illic
1095 1888 1209 1982 fragor
1231 1910 1363 1956 canum·
1376 1912 1401 1951 n
1446 1888 1449 1893 ’

156 2012 218 2077 que
241 1990 327 2056 circa
347 2013 448 2057 mare.
487 1992 575 2058 saxis
597 1992 713 2058 deinde
734 1992 820 2078 pilae
842 1992 1040 2078 adicientur,
1063 2014 1145 2079 quae
1166 1993 1363 2079 procedente
1445 1982 1449 1993 ⁴

156 2094 301 2178 tempore
324 2097 456 2159 enatam
474 2093 617 2160 'insulam
644 2094 824 2161 imitentur.
868 2092 1003 2160 habebit·
1029 2094 1083 2161 hic
1103 2096 1218 2181 portus
1240 2100 1275 2162 et
1295 2096 1362 2162 iam
1443 2118 1447 2161 ι

108 2198 117 2214 ’
156 2194 256 2261 habet
241 2199 397 2263 tnomen
425 2197 566 2263 auctoris
594 2197 718 2282 eritque
744 2195 797 2262 vel
823 2190 963 2263 maxime
990 2195 1152 2279 salutarie.
1197 2219 1276 2263 nam
1303 2211 1364 2284 per
1443 2202 1446 2259 ἕ

156 2297 382 2384 longissimum
403 2301 545 2385 spatium
571 2300 648 2365 litus
674 2300 899 2388 inportuosnm
920 2299 982 2365 hoc
1007 2299 1215 2400 receptaculo
1241 2302 1362 2368 utetur.
1443 2340 1446 2357 ι

155 2399 238 2466 vale
1373 2424 1401 2467 ιι
1443 2371 1450 2426 Τ

456 2694 493 2759 C„
505 2693 656 2749 PLINIUS
674 2696 919 2760 Qum‘rmauo
941 2696 1012 2750 SUO
1030 2695 1059 2750 S.

128 2819 146 2883 1
244 2810 396 2890 Quamvis
419 2816 452 2878 et
471 2813 542 2897 ipse
557 2813 601 2878 sis
624 2813 924 2879 continentissimus
952 2819 986 2880 et
1006 2813 1108 2879 filiam
1128 2815 1219 2881 tuam
1241 2814 1290 2882 ita
1310 2815 1361 2884 in·

113 2968 118 2978 .
156 2914 318 2999 stitueris,
341 2919 379 2980 ut
400 2915 536 2980 decebat
557 2918 647 2981 tuam
668 2915 785 2999 filiam,
809 2915 910 2981 Tutili
923 2919 1072 3003 neptem,
1095 2938 1169 2983 cum
1188 2921 1303 2984 tamen
1317 2918 1363 2984 sit
1450 2896 1454 2919 ³

155 3022 303 3104 nuptura
324 3017 552 3083 honestissimo
574 3019 654 3102 viro,
676 3017 785 3084 Nonio
808 3008 937 3104 Celeri,
958 3019 1009 3085 cni
1035 3020 1120 3086 ratio
1146 3019 1292 3090 civilium
1305 3020 1361 3086 ‘of-
1374 3044 1401 3084 as

156 3119 305 3187 doiorum
326 3120 556 3187 necessitatem
577 3120 742 3206 quandem
762 3116 879 3186 nitoris
893 3120 1040 3207 inponit,
1063 3121 1161 3188 debet
1181 3123 1362 3190 secundum

225 3385 239 3433 1
258 3398 346 3433 coena
362 3381 407 3445 ap
477 3383 586 3447 cogites
603 3392 662 3435 ιςι
729 3382 746 3430 2
765 3385 926 3433 acroamata
936 3382 983 3431 nr
999 3378 1164 3446 ἀκροάματα
1181 3396 1199 3432 a
1216 3391 1363 3437 acromate

153 3463 195 3515 ps
214 3450 391 3503 arrematau
471 3449 623 3501 tumn
641 3462 723 3513 quem
739 3450 803 3511 Ilpr
888 3449 1083 3503 themanitae
1100 3451 1156 3502 fuit
1172 3464 1190 3500 ι
1258 3455 1363 3505 exenia

154 3584 171 3633 p
240 3531 427 3637 cognitiongm
446 3571 474 3618 11
542 3568 765 3635 dperiundnsl)
842 3570 905 3620 'liu
924 3569 986 3620 siau
1005 3569 1035 3621 tlt
1053 3567 1127 3637 (fluit
1142 3567 1200 3636 Dp)
1217 3586 1280 3624 eum
1299 3589 1362 3624 ma-

153 3640 226 3690 xime
245 3647 344 3707 portus
360 3641 437 3703 Hp
464 3637 607 3688 Siclcnrdac
624 3639 653 3688 iu
680 3638 743 3687 sinu
761 3637 1028 3704 Amphitheatrumr
1053 3641 1083 3690 in
1101 3641 1164 3690 sinu
1182 3647 1278 3706 portus
1299 3642 1360 3693 uel·

154 3712 186 3757 ut
202 3708 443 3775 Amphitheatrum
463 3722 503 3763 ςιι
529 3710 558 3757 in
577 3708 639 3757 sinu
657 3721 739 3771 quam
759 3708 893 3757 maximus
912 3712 1008 3772 portus
1026 3707 1103 3759 velut
1122 3709 1361 3774 amphitheatrum

154 3777 394 3841 culpo:cs.lluci1.
414 3779 517 3828 Ν.αιιιιιι
536 3779 568 3826 de
585 3777 642 3825 red
662 3774 678 3825 I
702 3776 756 3824 239
778 3775 896 3826 molibus
919 3790 1087 3840 aequoreum
1109 3776 1284 3830 concluditur
1301 3794 1362 3831 am·

155 3844 343 3911 phitheatrum
413 3847 529 3909 Bepara
549 3842 752 3894 remunitumu
829 3846 960 3910 9portas
977 3859 1024 3894 οιι.
1044 3856 1083 3900 §a
1152 3861 1223 3911 quae
1241 3846 1361 3899 inlatum

154 3927 212 3977 pra
230 3930 309 3981 quem
327 3914 446 3964 inlatum
463 3913 491 3960 u
509 3927 580 3977 quae
599 3913 627 3961 in
646 3912 738 3961 lacum
756 3911 778 3960 1>
797 3926 869 3976 quae
888 3913 1014 3962 inflatum
1025 3912 1197 3964 Mommseaus
1266 3916 1324 3966 11
1316 3931 1361 3966 ιιι-

156 3980 265 4048 gentia]
285 3981 448 4048 lugendaD
553 3983 584 4029 12
603 3985 699 4029 contra
720 3982 792 4030 uncie
810 3983 911 4032 inclusit
930 3981 1071 4040 Gesonae,
1099 3982 1228 4047 prouehit
1245 3989 1360 4035 contra.

155 4049 225 4102 haec
245 4052 346 4102 Coretus
416 4050 525 4100 deiecta
543 4050 614 4103 Ιςι
632 4047 744 4098 delecte
761 4062 778 4110 p
794 4048 890 4099 deleta
906 4052 929 4099 D
951 4050 1066 4100 decreta
1084 4064 1099 4098 r
1185 4053 1217 4100 1³
1236 4058 1328 4102 manet
1346 4066 1362 4102 r

97 4174 100 4178 ,
240 4135 351 4170 sensum
369 4121 391 4168 n
477 4117 556 4167 uelut
575 4117 693 4181 quodam
710 4116 732 4165 Ι)
820 4120 852 4168 11
869 4120 970 4168 eminet
989 4120 1044 4168 iam
1062 4119 1134 4174 Ηςι
1157 4120 1311 4170 eminentia
1328 4126 1360 4171 et

154 4187 219 4251 apr
288 4203 401 4239 sexeum
419 4185 527 4237 dorsum
546 4186 631 4247 upra
648 4201 679 4235 os
698 4201 811 4236 saxeum
829 4187 858 4237 Ι
922 4186 979 4237 lb
971 4203 1000 4237 ιιι
1018 4202 1098 4239 oum
1167 4186 1216 4236 ille
1233 4188 1257 4236 1)
1327 4191 1361 4239 16

155 4257 324 4307 adiiciuntur
341 4270 380 4312 ςι
467 4254 629 4319 procedenti
646 4255 711 4316 upr
798 4257 829 4306 17
853 4256 967 4307 habebit
990 4255 1036 4305 bic
1054 4260 1150 4321 portus
1167 4255 1254 4306 etiem
1271 4254 1360 4308 habet

155 4338 254 4375 nomen
271 4326 322 4389 Hp
340 4324 457 4375 habebit
475 4323 520 4372 hic
539 4329 633 4385 portus
652 4323 738 4374 habet
757 4324 885 4388 (babebit
901 4325 924 4388 r)
954 4326 1038 4375 etiam
1057 4339 1157 4375 nomen
1174 4322 1216 4372 or
1241 4323 1361 4377 habebit

155 4391 201 4442 hic
219 4402 315 4460 portus
334 4400 363 4446 et
381 4409 480 4444 nomen
498 4390 690 4455 thiepertus
709 4391 897 4444 habetetium
920 4406 1056 4447 uomens
1143 4393 1175 4442 18
1193 4390 1238 4443 vel
1251 4408 1304 4487 ιιι.
1321 4407 1360 4451 ις

226 4464 255 4512 19
273 4463 464 4528 inportnoeum
482 4463 565 4523 upra
583 4460 752 4526 inestuosum
771 4464 799 4510 n

223 4531 328 4581 XXXII
346 4535 379 4582 24
398 4531 515 4581 decebat
534 4535 609 4578 tuam
626 4528 713 4579 filiam
731 4531 785 4578 HD
802 4530 924 4583 decebat
941 4530 1024 4582 filiam
1043 4538 1120 4580 tuam
1137 4543 1196 4593 pra
1279 4530 1361 4585 tutili

76 4667 104 4679 -.
137 4596 193 4657 lp
210 4598 302 4648 ιιιίΙίι·
316 4612 377 4656 m
397 4598 525 4652 tntillilt
596 4595 705 4668 tamen]
723 4601 822 4651 samu
892 4600 931 4652 eit
946 4614 1028 4655 om
