2934 4966
172 273 237 340 aaa
482 346 486 352 ,
570 217 574 224 ’
696 287 728 339 c.
750 224 849 339 reni

164 446 233 513 'tibi
254 444 352 511 li'ccro
374 443 413 509 de
434 445 491 509 tuo
512 467 610 531 quarn
638 444 678 510 de
699 443 829 530 publico
852 445 966 511 credis.
1005 446 1125 513 dicitnr
1153 449 1257 515 actori
1279 451 1378 534 atque
1423 498 1426 502 -

173 551 271 614 etiam
296 547 497 637 procuratori
525 550 581 614 tuo
608 547 656 613 ‘in
677 547 728 613 ins
757 549 846 634 veni,
876 571 1009 636 sequere
1031 549 1073 615 ad
1095 551 1263 617 tribunal’.
1300 573 1378 617 nam

172 650 316 718 tribunal
343 638 469 736 quoque
501 651 722 738 excogitatum
754 651 953 738 principatui
986 655 1036 717 est
1062 674 1123 738 par
1150 654 1285 739 ceteris,
1313 655 1378 720 nisi

164 742 251 820 'ilud
272 740 448 839 litigatoris
470 754 684 841 amplitudine
706 754 863 820 metiaris.
893 777 963 821 sors
985 758 1019 821 et
1039 777 1123 821 urna
1137 756 1379 832 fiscoiudicem

173 857 340 942 adsignat:
363 856 441 922 licet
462 858 598 944 reicere,
621 857 698 924 licet
721 858 901 925 exclamare
923 858 1023 925 ‘hunc
1050 859 1142 944 nolo,
1172 859 1306 941 timidus
1328 866 1402 940 est-v

173 963 206 1026 et
229 960 313 1025 bona
335 961 454 1026 saeculi
476 983 591 1047 parum
612 960 792 1048 intellcom’t5
813 961 906 1026 illum
927 961 1017 1046 volo,
1040 961 1096 1048 qui
1118 959 1292 1029 Caesarem
1313 964 1381 1030 for·

171 1063 250 1128 titer
271 1065 383 1128 amat'.
422 1062 534 1129 eodem
553 1064 632 1154 ‚foro
658 1065 796 1129 utuntur
824 1063 1027 1149 principatus
1053 1067 1087 1130 et
1112 1063 1259 1150 libertas,
1282 1087 1380 1152 quae·

174 1188 235 1253 qno
256 1165 431 1250 praecipua
454 1168 510 1232 tua
524 1165 630 1253 gloria
652 1168 723 1251 est,
741 1166 870 1252 saepius
884 1166 1027 1232 vincitur
1041 1167 1154 1252 fiscus,
1179 1167 1270 1233 cuius
1291 1170 1381 1234 mala

173 1290 272 1335 causa
291 1289 469 1353 numquam
490 1273 540 1334 est
565 1269 631 1335 nisi
657 1269 717 1334 sub
744 1269 829 1334 bono
856 1268 1016 1355 principe.
1053 1268 1171 1354 ingens
1199 1268 1263 1336 hoc
1283 1271 1380 1336 meri·

173 1375 258 1456 tum,
280 1371 385 1436 maius
407 1370 503 1457 illud,
532 1372 616 1459 quod
644 1394 699 1439 eos
719 1375 947 1458 procuratores
976 1371 1093 1456 habes,
1125 1373 1163 1436 ut
1189 1371 1380 1460 plerumque
1392 1394 1413 1433 ιο

173 1475 258 1540 cives
279 1474 330 1538 tui
351 1495 418 1539 non
441 1474 522 1539 alios
543 1473 663 1541 iudices
685 1473 813 1541 malint.
850 1473 989 1540 liberum
1018 1476 1068 1540 est
1090 1477 1199 1539 anum
1220 1475 1379 1542 discrimi-

171 1576 224 1642 nis
246 1575 333 1642 ‘nolo
355 1599 428 1642 eum
450 1575 592 1664 eligeret
628 1576 843 1664 nequeenim
864 1577 965 1643 ullam
985 1577 1214 1644 necessitatem
1236 1581 1379 1646 muneri·

173 1680 232 1746 bns
259 1680 324 1745 tuis
348 1680 455 1766 addis,
490 1683 528 1747 ut
547 1680 603 1767 qui
631 1679 715 1746 scias
744 1679 833 1748 lranc
861 1702 931 1759 esse
954 1681 1185 1747 beneficiorum
1211 1681 1378 1768 principa

172 1783 252 1849 lium
274 1804 447 1868 summam,
471 1784 499 1848 si
520 1783 586 1849 illis
608 1787 643 1849 et
663 1805 731 1861 non
752 1782 801 1850 uti
823 1783 911 1849 licet.
1370 1869 1373 1873 .

121 1885 162 1948 37
258 1884 367 1951 Onera
394 1886 521 1972 imperii
548 1887 702 1972 pleraque
728 1885 905 1973 vectigalia
926 1884 1054 1951 institui
1080 1888 1119 1951 ut
1145 1907 1205 1972 pro
1234 1885 1409 1954 uernae

92 1982 95 1986 ’
142 2029 144 2033 -
174 1988 336 2054 communi
357 1989 405 2054 ita
427 1989 636 2076 singulorum·
650 1990 777 2055 iniuriis
800 1990 987 2075 coegerunt.
1022 1990 1058 2054 in
1080 1986 1131 2054 his
1152 1987 1310 2055 vicesima
1331 2012 1377 2056 re

172 2088 267 2177 perta
296 2093 360 2176 est,
389 2092 547 2158 tributum
560 2092 738 2159 ‘tolerabile
759 2095 793 2157 et
814 2091 911 2157 facile
933 2089 1105 2173 heredibus
1128 2090 1302 2157 dumtaxat
1325 2114 1377 2158 ex·

172 2193 310 2278 baucis,
334 2194 518 2262 domesticis
540 2217 649 2282 grave.
685 2196 795 2281 itaque
816 2194 881 2260 illis
896 2194 1083 2280 inrogatum
1105 2197 1169 2278 est,
1193 2193 1246 2260 his
1267 2196 1396 2261 remis‘

172 2319 257 2382 sum3
280 2296 430 2363 videlicet
451 2299 536 2384 quod
556 2298 766 2365 manifestum
794 2301 879 2382 erat,
907 2301 1031 2384 quanto
1053 2319 1126 2362 cum
1148 2296 1258 2363 dolore
1280 2297 1376 2363 laturi

101 2397 109 2410 '
172 2420 229 2465 sen
250 2400 358 2486 potius
379 2421 447 2464 non
468 2400 566 2466 laturi
587 2400 735 2466 homines
757 2405 868 2467 essent
882 2399 1043 2486 destringi
1065 2399 1186 2486 aliquid
1209 2401 1243 2465 et
1264 2399 1409 2466 abradis

173 2501 266 2567 bonis
293 2523 376 2587 quae
410 2504 586 2590 sanguine,
621 2504 823 2590 gentilitate,
858 2525 1023 2569 sacrorum
1055 2502 1194 2587 denique
1222 2503 1376 2570 societate

173 2605 379 2691 meruissent,
401 2629 545 2692 quaeque
567 2628 744 2692 numquam
765 2609 803 2673 ut
818 2606 925 2671 aliena
941 2616 973 2671 et
988 2605 1165 2691 speranda,
1189 2606 1246 2670 sed
1269 2608 1306 2670 nt
1321 2627 1377 2671 sua

172 2729 359 2795 semperque
386 2731 535 2795 possessa
563 2732 601 2775 ac
630 2709 782 2794 deinceps
809 2709 954 2794 proximo
983 2708 1096 2792 cuique
1125 2707 1377 2774 transmittenda

173 2810 344 2896 cepissent.
382 2811 463 2878 haec
484 2809 696 2878 mansuetudo
723 2811 805 2897 legis
834 2811 996 2876 veteribus
1024 2810 1148 2876 civibus
1170 2810 1377 2876 servabatur:

172 2913 263 2997 novi,
287 2935 344 2980 seu
366 2937 423 3000 per
445 2915 574 2981 Latium
595 2914 632 2992 in
654 2913 818 2980 civitatem
840 2934 897 2977 seu
918 2912 1075 2978 beneficio
1090 2912 1247 2998 principis
1271 2913 1409 2980 venis-a

105 3005 111 3023 “
174 3018 262 3100 sent,
284 3016 347 3082 nisi
371 3017 465 3083 simul
489 3017 694 3102 cognationis
709 3017 781 3082 iura
795 3015 1042 3100 impetrassent,
1067 3014 1258 3081 alienissimi
1282 3016 1377 3083 habe

172 3117 293 3183 bantur
315 3119 431 3205 quibus
454 3119 709 3185 coniunctissimi
730 3118 872 3184 fuerant.
911 3118 958 3183 ita
986 3118 1161 3183 maximum
1183 3117 1377 3186 heneficium

173 3221 360 3287 vertebatur
387 3221 423 3287 in
451 3221 675 3308 gravissimam
688 3221 865 3306 iniuriam,
896 3220 1072 3306 civitasque
1094 3220 1244 3286 Romana
1272 3215 1378 3288 instar

117 3366 120 3371 -
173 3327 244 3389 erat
264 3323 330 3389 odii
352 3327 384 3390 et
407 3325 584 3390 discordiae
606 3329 639 3390 et
660 3324 825 3411 orbitatis,
850 3346 923 3391 cum
939 3323 1105 3389 carissima
1127 3324 1268 3411 pignora
1290 3325 1378 3392 salva

173 3425 317 3510 ipsorum
338 3426 460 3512 pietate
476 3427 681 3493 distraheret.
719 3427 971 3492 inveniebantur
993 3429 1102 3492 tamen
1124 3426 1242 3514 quibus
1264 3431 1410 3495 tantnsa

103 3600 105 3604 ,
173 3549 262 3593 amor
283 3528 424 3595 nominis
451 3530 555 3597 nostri
582 3531 721 3615 inesset,
750 3533 787 3594 nt
808 3528 990 3595 [tomam
1018 3529 1184 3596 civitatem
1206 3551 1275 3597 non
1296 3531 1379 3598 vice·

174 3757 378 3767 ——-——

241 3915 257 3962 3
277 3911 444 3976 principatui
463 3913 568 3977 Lipsius
586 3910 724 3961 cruciatui
741 3909 762 3958 B
781 3909 934 3959 cruciatum
948 3910 1011 3960 Acd
1030 3910 1159 3960 cruciatu
1177 3923 1195 3967 ς
1266 3913 1283 3961 6
1301 3907 1378 3979 volo]

173 3978 296 4034 uoluta
366 3982 431 4045 quia
450 3996 590 4031 caesarem
609 3981 652 4034 Βς
722 3981 882 4042 iquaoque
901 3978 1007 4042 Lipsius
1031 3994 1103 4043 quae
1123 3980 1212 4029 aneu
1282 3983 1379 4032 8sae-

174 4049 235 4110 pius
252 4048 292 4096 Bo
312 4063 379 4114 sepe
397 4050 441 4097 Ad
511 4052 542 4099 10
561 4045 621 4113 eos!
643 4049 710 4097 cob
790 4049 819 4096 11
840 4046 957 4095 liberum
977 4045 1128 4099 astantem
1148 4047 1319 4099 discriminis
1337 4050 1380 4098 sc

174 4114 289 4165 liborum
310 4122 353 4165 est
371 4117 538 4167 discriminis
556 4119 597 4168 Ac
616 4117 733 4167 liberum
753 4121 795 4167 est
814 4119 906 4164 cirtem
925 4115 1096 4181 disceptanti
1119 4118 1213 4168 (licere
1233 4117 1379 4167 Catirauens

163 4181 290 4234 'liberum
309 4189 353 4235 cst
371 4191 464 4237 tarmen
482 4186 651 4252 disceptanti
671 4185 765 4236 dicere
784 4185 915 4234 Liuineius
969 4185 1076 4236 1211010
1097 4201 1159 4236 cum
1172 4188 1216 4240 Βς
1234 4186 1299 4236 ιιοΙο
1319 4201 1378 4235 cum

177 4253 250 4305 Acd.
267 4254 383 4317 fortasse
402 4255 465 4306 nolo
485 4271 555 4317 eum,
576 4255 660 4305 alium
679 4255 742 4305 volo
797 4253 828 4302 13
846 4252 1052 4303 beucliciurnB
1113 4256 1144 4304 11
1163 4269 1297 4304 summam
1318 4269 1377 4314 qra-

174 4321 242 4370 tiam
262 4324 406 4374 Cutanoeus
467 4326 497 4373 16
517 4325 558 4374 ito
575 4339 622 4374 ova.
641 4326 673 4373 Δ,
689 4323 804 4383 sortasse
823 4321 865 4370 ita
883 4336 938 4372 non
961 4323 1020 4374 sine
1040 4323 1213 4388 singulorum
1236 4322 1347 4372 iniuriis

174 4396 339 4455 cogerentur
357 4393 399 4444 his
417 4394 504 4443 ared
523 4399 675 4456 coegerunt
693 4392 736 4443 liis
754 4393 899 4441 Ualetiacus
977 4393 1056 4442 nicos
1075 4407 1132 4442 una
1151 4391 1166 4453 β
1238 4393 1270 4442 li
1290 4396 1320 4442 ct
1339 4391 1378 4442 sa·

175 4458 229 4510 cile
247 4462 331 4511 om.b
401 4465 432 4513 19
451 4478 512 4512 cnm
531 4462 626 4513 labore
644 4476 658 4510 o
679 4477 739 4512 cum
758 4459 897 4510 honored
982 4463 1014 4511 21
1038 4475 1179 4511 sacrorum
1198 4459 1320 4525 deniquo
1338 4461 1378 4510 Bt

176 4543 310 4594 sacroque
330 4530 448 4597 deniquo
466 4533 508 4582 Ac
577 4533 611 4581 ‘24
629 4530 739 4581 civibus
756 4545 803 4581 ora.
822 4530 863 4576 Ac
949 4532 983 4581 28
1001 4531 1030 4580 in
1048 4530 1196 4580 maximam
1214 4529 1378 4580 iniuriamd

242 4599 277 4650 29
295 4599 353 4654 odii
374 4601 477 4654 crath
546 4601 579 4655 31
596 4601 705 4655 inesset
720 4599 764 4649 Ed
780 4603 841 4650 erut
858 4595 901 4647 Ao
