2934 4966
148 287 213 355 292
556 302 589 355 c.
610 303 709 355 emur
730 305 777 354 nr
798 304 945 355 rasum
1436 341 1442 382 ,

148 459 265 525 saltem
287 481 373 524 ama
392 458 552 545 rescindi,
572 465 609 527 ut
630 461 739 548 potius
755 461 837 528 mihi
857 461 984 527 debeat.
1014 460 1083 525 sint
1103 462 1235 525 ratast
1256 462 1358 544 certa,
1436 419 1442 512 l

148 584 211 628 nec
238 561 415 649 gratulatio
440 562 537 629 ullius
565 564 755 630 instauratis
782 568 881 651 egeat
904 562 1071 650 precibus,
1097 583 1195 648 quem
1222 561 1360 627 fortuna

149 665 276 752 imperii
297 665 389 730 vultu
410 665 542 732 meliore
563 668 714 754 respexit.
751 690 803 733 me
824 668 918 733 novis
939 664 1106 730 beneficiis
1128 686 1247 732 vacare
1273 666 1359 751 pati·

148 773 248 835 autur
268 771 303 834 et
323 789 363 834 ea
383 767 513 834 demum
534 771 642 836 sciant
663 770 810 857 roganda
831 791 903 836 esse
923 789 1007 855 quae
1029 788 1098 833 uon
1118 765 1256 834 habeut
1446 754 1449 759 ¹

352 961 536 1013 EPISTULA
555 961 722 1013 EIUSDEM
740 961 790 1012 An
807 960 980 1013 Tubulus!
997 959 1140 1013 IUSTUM
1369 961 1382 1000 ⁵

102 1079 143 1143 10
235 1076 317 1144 Cum
338 1099 445 1142 rerum
460 1077 605 1144 omniurn
626 1077 788 1144 ordinatio
806 1100 890 1165 quae
903 1076 1064 1164 prioribus
1085 1075 1289 1163 temporibus
1310 1076 1359 1141 in-

152 1180 288 1247 choatae
311 1184 553 1247 consummatae
574 1184 653 1247 sunt
671 1180 873 1247 observanda
899 1184 960 1264 at,
986 1183 1058 1245 tum
1079 1177 1229 1266 epistulis
1256 1176 1357 1243 etiam

152 1281 333 1349 Domitiani
353 1284 507 1350 dandum
527 1288 588 1350 est.

588 1454 724 1522 LVIIII.
756 1453 915 1542 [LXVII]

433 1577 464 1630 c.
483 1577 632 1631 surmus
650 1576 813 1629 ‘inarare
832 1576 1063 1633 rusauarom
1367 1586 1389 1626 a
1434 1562 1442 1593 ·

178 1769 187 1776 ‚
233 1693 363 1760 Flavius
386 1694 572 1781 Archippus
599 1717 658 1782 per
678 1694 817 1761 salutem
841 1698 933 1760 tuam
959 1694 1251 1779 aeternitatemque
1271 1693 1356 1777 petit
1435 1678 1439 1687 ’

51 1793 55 1798 ’
150 1821 170 1862 a
191 1820 243 1862 me
264 1802 303 1863 ut
322 1797 467 1864 libellum
489 1820 584 1884 quem
606 1797 686 1863 mibi
707 1797 798 1863 dedit
818 1798 981 1863 mitterem
1002 1796 1075 1863 tibi.
1111 1794 1196 1881 quod
1217 1814 1281 1881 ego
1309 1795 1354 1859 sic
1433 1874 1435 1879 ,

148 1901 280 1987 roganti
301 1901 532 1986 praestandum
554 1901 683 1987 putavi,
710 1901 759 1966 ita
780 1904 891 1966 tamen
911 1903 950 1965 ut
970 1901 1144 1965 missurum
1164 1919 1218 1963 me
1239 1900 1353 1963 uotum
1431 1967 1436 1977 ,

149 2003 340 2069 accusatrici
369 2004 437 2069 eius
457 2003 616 2088 facerem,
645 2026 665 2068 a
691 2006 812 2089 quaet
837 2003 910 2089 ipsa
932 2005 1101 2089 acceptum
1126 2000 1275 2067 labellum
1303 1999 1352 2065 bie
1404 2075 1412 2091 .
1441 2082 1446 2101 Ι

150 2104 297 2191 epistulis
319 2106 426 2191 iunxi,
449 2128 512 2192 quo
525 2105 655 2171 facilius
670 2104 759 2170 velut
773 2105 885 2172 audita
909 2109 1048 2191 utraque
1061 2113 1155 2192 parte
1176 2102 1352 2189 dispiceres
1364 2120 1385 2161 ιε
1431 2102 1435 2135 ²

147 2207 226 2295 quid
248 2208 456 2274 statuendum
477 2211 618 2294 putares.
1431 2230 1435 2243 ·

616 2378 685 2446 nx.
709 2378 884 2465 [rurus]

585 2501 771 2555 asiniuus
794 2501 918 2570 nmmo

235 2619 346 2685 Potuit
367 2619 497 2705 quidem
518 2620 686 2705 ignorasse
700 2617 922 2704 Domitianus,
945 2619 982 2684 in
1002 2639 1067 2704 quo
1080 2621 1171 2684 statu
1191 2621 1278 2684 esset
1293 2619 1352 2683 Ar·

149 2721 301 2808 chippus,
324 2745 397 2788 cum
418 2726 488 2787 tam
502 2723 604 2787 multa
626 2721 668 2786 ad
688 2720 843 2787 honorem
865 2722 933 2787 eius
955 2720 1156 2807 pertinentia
1183 2721 1349 2786 scriberet.
1363 2737 1386 2776 ω

149 2823 206 2890 sed
232 2847 324 2891 meae
345 2829 480 2890 naturae
508 2824 780 2891 accommodatius
802 2828 852 2889 est
873 2823 1003 2891 eredere
1024 2823 1125 2889 etiarn
1155 2823 1256 2888 statui
1285 2823 1351 2888 eius

149 2927 345 2994 subventum
367 2928 553 2994 interventu
566 2927 739 3014 principis,
761 2927 952 3012 praesertim
968 2949 1041 2993 curu
1057 2927 1155 2992 etiam
1170 2930 1351 2992 statuarum

149 3029 179 3094 ei
200 3029 303 3096 honor
324 3031 443 3097 totiens
458 3032 605 3097 decretus
627 3031 671 3108 sit
693 3030 735 3095 ab
756 3030 796 3095 iis
816 3030 873 3115 qui·
892 3051 953 3094 uon
976 3029 1191 3115 ignorabant,
1215 3029 1293 3114 quid
1314 3027 1352 3091 de

148 3130 205 3197 illo
232 3131 352 3198 Paulus
378 3134 552 3219 proconsul
580 3133 832 3219 pronuntiasset.
868 3154 952 3218 quae
979 3135 1105 3216 tamen,
1133 3132 1179 3197 mi
1204 3129 1351 3198 Secume

149 3234 328 3320 caussime,
352 3257 419 3301 nou
434 3259 472 3302 eo
493 3237 659 3323 pertinent
674 3240 727 3320 ut,
751 3235 856 3321 siquid
877 3235 927 3300 illi
941 3235 1017 3300 novi
1033 3235 1178 3300 criminis
1199 3233 1350 3316 obicitur,
1363 3247 1387 3287 *Δ

147 3334 255 3401 minus
278 3337 317 3402 de
339 3360 377 3403 eo
399 3339 594 3404 audiendum
614 3347 719 3424 putes.
749 3337 875 3402 libellos
897 3336 1014 3402 Furiae
1027 3336 1157 3402 Primae
1178 3335 1352 3402 accusatri-

150 3437 196 3504 cis
203 3489 213 3524 ,
229 3440 307 3505 item
323 3440 424 3527 ipsius
439 3441 615 3528 Archippi,
631 3449 710 3528 quos
725 3441 820 3507 alteri
836 3440 993 3526 epistulae
1008 3443 1084 3505 tuae
1098 3440 1261 3525 iunxeras,
1276 3438 1352 3526 legi.

218 3738 232 3786 l
251 3737 371 3788 rescindi
392 3737 537 3789 warocus
554 3754 572 3787 a
589 3736 723 3788 rescindit
739 3735 763 3786 Δ
832 3738 889 3787 siut
908 3740 970 3787 rata
989 3740 1018 3786 et
1035 3741 1188 3788 certanec
1205 3735 1354 3789 Beroaldus

150 3803 174 3854 si
193 3805 305 3871 ingrata
332 3815 360 3855 et
379 3813 458 3856 certa
482 3822 534 3856 nec
551 3807 575 3856 Δ
602 3807 718 3856 sienim
741 3814 822 3871 grata
851 3812 976 3855 atcerte
993 3820 1046 3855 nec
1063 3821 1081 3854 s
1106 3807 1132 3855 si
1157 3805 1209 3856 ills
1235 3811 1301 3856 rats
1327 3811 1355 3854 et

150 3877 229 3923 certa
248 3875 341 3924 fecero
360 3890 410 3924 uec
429 3873 584 3925 (lateranens²
653 3876 772 3938 tegent
788 3873 937 3924 Beroaldus
956 3875 1057 3938 egetd
1119 3874 1264 3940 precibus,
1284 3874 1352 3933 Nec,
1441 3904 1444 3911 -

149 3942 196 4006 qui
215 3957 269 3994 non
282 3943 400 4006 habent,
427 3959 469 3993 me
489 3958 569 4008 quem
587 3943 701 3993 fortuna
723 3941 831 4007 imperii
847 3942 928 3992 uultu
945 3942 1061 3992 meliore
1078 3943 1216 4008 respexit,
1239 3942 1321 3994 acuis
1336 3953 1354 3986 a

216 4013 232 4060 4
252 4007 294 4079 et]
313 4011 363 4063 sed
381 4026 399 4059 a
467 4011 630 4078 5Epistola
649 4005 772 4062 eiusdem
795 4010 829 4060 ad
847 4009 968 4060 Tullium
985 4011 1091 4061 Iustum
1110 4011 1250 4066 XXXX.
1270 4011 1294 4060 Α

149 4080 164 4127 7
183 4086 417 4146 consumataeque
436 4086 501 4130 suut
517 4096 534 4129 a

218 4147 325 4200 LVllll
343 4150 386 4199 De
406 4148 502 4200 eodem
518 4149 658 4214 Archippo
677 4148 778 4198 .XL1.
796 4147 820 4195 A

217 4217 266 4267 LX
286 4221 318 4269 23
337 4219 458 4283 quinon
485 4216 653 4283 ignorabant
672 4217 697 4269 Ι.
718 4218 752 4270 Α.
772 4215 909 4266 Eraeseuas
927 4217 974 4280 qui
1001 4217 1170 4284 ignorabant
1187 4218 1211 4267 Α
1320 4213 1350 4263 tl

148 4281 278 4337 iusseras
297 4286 444 4338 Beroaldus
461 4301 479 4334 a
495 4287 658 4336 iniunxeras
674 4287 697 4333 Δ
