2934 4966
122 274 209 326 xuv
615 268 825 321 palarmo.

125 432 216 514 rent,
237 427 293 493 sed
315 425 400 512 quod
420 426 501 493 mihi
522 431 608 510 tum,
632 447 705 492 cum
727 424 907 491 orationem
921 421 1021 489 Plinii
1043 420 1191 509 epistulis
1212 418 1338 487 addere

124 528 288 614 constitui,
310 528 417 614 parati
434 521 553 596 'erant
590 529 647 595 sed
668 528 745 614 quia
766 525 882 592 inutile
911 527 982 591 erat
1008 524 1172 611 integram
1193 523 1338 609 scriptu·

123 655 194 699 ram
221 630 376 696 librorum
403 636 625 719 corruptorum
660 635 694 696 et
721 627 991 712 interpolatorum
1018 646 1217 722 proponere,
1247 629 1334 711 tum,

124 757 197 801 cum
217 732 292 799 libri
314 755 393 819 quos
415 734 451 799 in
474 733 700 801 constituenda
721 730 860 797 lectione
880 732 1009 795 secutus
1035 749 1108 793 sum
1121 728 1337 813 dissentiunt,

124 836 175 902 rel
201 835 307 921 siquid
334 840 502 921 praeterea
528 835 685 902 memoria
712 834 849 920 diguam
877 854 947 898 esse
979 830 1167 930 ridebatur,
1200 830 1338 897 illorum

124 940 207 1004 ratio
228 936 341 1004 babitu
368 941 427 1003 est.
465 960 563 1024 quare
590 938 626 1004 in
653 939 694 1003 iis
721 935 850 1023 quidem
871 933 968 1018 locis,
997 933 1034 999 11
1060 932 1176 1019 quibus
1197 933 1338 1019 propria

125 1039 282 1126 quaedam
304 1038 398 1104 unius
420 1039 615 1127 reliquorum
637 1040 718 1105 vitia
733 1036 918 1104 adnotanda
938 1035 1088 1117 fuerunt,
1110 1034 1182 1101 illos
1199 1049 1338 1123 'qnoque

125 1164 199 1208 cum
219 1145 312 1207 textu
333 1162 428 1226 quem
443 1142 573 1208 exhibui
596 1141 780 1208 consentire
796 1140 983 1230 plerumque
1006 1160 1072 1205 non
1093 1138 1259 1223 adnotavi,
1276 1138 1337 1206 sed

126 1244 196 1330 ipso
218 1242 348 1309 silentio
370 1243 517 1331 intellegi
542 1243 641 1328 volui3
663 1243 699 1308 in
714 1242 846 1327 reliquis
867 1263 906 1308 ea
920 1244 1050 1307 tantum
1070 1263 1153 1327 quae
1173 1241 1212 1306 in
1233 1240 1337 1307 1111-

125 1345 249 1411 tatione
282 1345 446 1432 adscripta
472 1350 551 1412 sunt
583 1346 630 1411 111
657 1344 724 1431 legi
745 1344 781 1409 in
802 1342 868 1409 illis
901 1347 1039 1409 constat.
1076 1342 1129 1410 1111
1159 1343 1337 1430 praesidiis

126 1452 233 1514 autem
265 1447 331 1513 iam
363 1448 441 1514 satis
473 1449 632 1515 munitam
659 1468 729 1512 esse
758 1446 875 1539 veteris
902 1445 1082 1532 scripturae
1110 1447 1337 1533 cognitionem

124 1554 214 1636 puto.
249 1571 327 1615 nam
348 1549 404 1615 ubi
418 1555 485 1616 tres
507 1550 599 1635 libri,
621 1569 757 1635 quorum
771 1549 901 1634 integra
916 1549 1077 1634 scriptura
1094 1548 1246 1614 ‘exhibita
1269 1552 1334 1634 est,

125 1653 176 1718 vel
197 1652 260 1718 duo
281 1651 388 1738 potius
410 1662 442 1717 A
463 1656 497 1718 et
517 1663 545 1718 B
567 1654 653 1718 inter
680 1673 714 1717 se
742 1650 968 1734 consentiunt,
997 1650 1166 1737 archetypi
1193 1652 1335 1737 scriptu·

124 1776 194 1821 ram
217 1758 304 1820 certo
326 1753 612 1840 deprehendimus3
639 1754 695 1819 ubi
718 1753 932 1836 dissentiunt,
960 1751 1010 1818 illi
1035 1753 1223 1819 testimonio
1245 1754 1334 1839 quod

127 1856 319 1922 auctoritate
340 1856 534 1942 reliquorum
557 1858 765 1933 confirmatur
786 1855 941 1935 maiorem
960 1854 1057 1921 fidem
1072 1855 1181 1921 deberi
1196 1877 1335 1923 consen·

123 1963 256 2024 taueum
279 1961 338 2023 est.
376 1979 569 2044 quamquam
590 1959 759 2025 fatendum
786 1960 835 2023 est
863 1957 1061 2024 dubitationi
1082 1956 1169 2023 haud
1190 1978 1266 2023 raro
1288 1959 1336 2025 lo-

127 2082 200 2126 cum
221 2061 371 2126 relictum
392 2080 478 2145 esse,
507 2062 646 2127 maxime
667 2062 703 2127 in
724 2059 899 2125 levioribus
920 2058 1001 2145 11111,
1030 2061 1066 2125 in
1088 2060 1204 2146 quibus
1226 2083 1335 2147 neque

124 2184 231 2228 rerum
253 2161 434 2227 rationibus
455 2183 559 2249 neque
580 2163 706 2249 legibus
729 2162 886 2229 sermonis
907 2161 1062 2229 iudicium
1084 2162 1220 2249 regitur,
1244 2163 1337 2229 velut

127 2264 162 2330 in
185 2263 397 2330 collocatione
418 2265 603 2350 verborum,
624 2267 660 2332 in
683 2287 746 2351 qua
768 2285 864 2350 saepe
893 2286 930 2329 ea
960 2267 1009 2329 est
1036 2264 1191 2331 librorum
1214 2264 1336 2331 discre-

123 2366 254 2452 pantia,
286 2369 323 2430 ut
355 2366 474 2452 quid
464 2389 501 2433 1n
522 2370 629 2432 vetere
653 2367 761 2433 codice
793 2367 950 2451 scriptum
981 2366 1083 2432 fuerit
1113 2367 1246 2432 omnino
1268 2367 1336 2435 dici

12 2548 16 2559 Ι
124 2470 274 2554 nequeat.
312 2471 479 2553 praetcrea
506 2492 610 2554 pauca
639 2491 656 2534 e
679 2469 841 2535 codicibus
867 2470 944 2535 olim
968 2470 1009 2535 ab
1037 2468 1214 2536 editoribus
1241 2492 1336 2535 usur-

125 2571 266 2686 patiset
288 2591 328 2635 ex
350 2568 583 2637 Mediolanensi
611 2572 780 2637 codicet
747 2575 780 2637 et
802 2594 841 2637 ex
863 2540 1097 2659 antiquissimis
1120 2571 1332 2689 editionibus,

125 2672 160 2738 in
182 2672 295 2788 primis
317 2671 489 2738 Puteolani
511 2676 578 2761 (ς),
603 2674 766 2739 adnotavi.
799 2674 835 2739 in
857 2674 974 2759 quibus
996 2674 1145 2740 omnihus
1166 2675 1222 2739 vix
1243 2674 1335 2760 quic·

125 2797 223 2861 quam
245 2774 371 2840 invenit
372 2797 419 2859 ur,
443 2775 527 2860 quod
550 2776 762 2841 accuratius
752 2799 788 2840 1n
810 2776 876 2841 illis
899 2799 996 2863 quum
1018 2778 1052 2842 in
1074 2777 1115 2841 iis
1137 2775 1230 2842 libris
1252 2798 1335 2863 quos

124 2877 194 2963 ipse
226 2882 354 2941 secutus
383 2898 454 2942 sum
485 2899 525 2943 ex
547 2879 722 2964 archetypo
744 2883 907 2944 servatum
930 2879 988 2962 sit,
1023 2878 1080 2944 sed
1112 2878 1218 2964 siquid
1241 2884 1332 2946 recte

125 2979 363 3064 scriptumest,
388 2979 591 3046 coniecturae
613 2979 767 3046 Italorum
790 2982 935 3046 debetur.

211 3079 355 3166 Longius
377 3081 475 3146 etiam
498 3083 646 3169 persequi
668 3085 785 3149 veteris
807 3085 985 3169 scripturae
1007 3084 1195 3150 memorium
1218 3085 1334 3170 paucis

127 3181 205 3247 11111
226 3181 319 3247 licuit
340 3182 497 3249 beneficio
518 3185 617 3250 trium
632 3187 820 3252 schedarum
843 3187 1073 3272 rescriptarum
1098 3190 1169 3270 (R),
1193 3208 1276 3272 quas
1299 3187 1335 3253 in

127 3284 236 3351 codice
259 3284 426 3369 Bobieusi‚
450 3287 506 3373 qui
527 3309 614 3354 nunc
630 3292 679 3354 est
695 3290 928 3355 Ambrosianus
943 3289 1011 3354 ord.
1035 3312 1106 3374 sup.
1130 3288 1336 3372 11141,1111

116 3409 199 3455 ,cum
232 3385 406 3452 Frontonis
439 3393 472 3453 et
505 3387 688 3474 Symmachi
720 3396 754 3457 et
787 3391 923 3456 aliorum
958 3394 1104 3456 veterum
1136 3388 1336 3476 scriptorum

125 3489 318 3605 fragmentis
333 3490 480 3576 Angelus
495 3491 600 3557 11111111
622 3493 748 3560 invenit
763 3515 934 3578 earumque
946 3493 1121 3578 scripturas
1136 3492 1178 3558 ab
1194 3495 1336 3560 Arntze·

124 3591 335 3657 111111111111
359 3593 578 3679 discrepantes
607 3595 707 3660 edidit
692 3596 768 3661 tin
797 3595 983 3681 Symmachi
1012 3596 1153 3661 editione
1176 3594 1336 3661 Mediola-

124 3694 218 3761 nensi
242 3716 272 3760 a.
298 3694 392 3760 1815
430 3695 508 3760 Maii
532 3697 706 3763 editionem
728 3721 800 3763 cum
827 3698 994 3785 fragment
979 3697 1219 3763 tFrontonisis
1240 3718 1336 3784 repe·

125 3797 179 3863 tiit
200 3795 397 3863 Niebuhrius
421 3797 615 3864 Berolinia
643 3800 735 3884 181,6
770 3802 824 3885 qui
859 3823 941 3886 quae
973 3800 1012 3865 de
1045 3801 1153 3866 codice
1177 3797 1336 3867 Bobiensi

127 3900 224 3965 variis
245 3898 325 3964 locis
348 3922 368 3965 a
389 3900 477 3965 Maio
505 3900 591 3966 dicta
619 3905 712 3968 erant
741 3904 921 3989 composuit
947 3903 1051 3989 praef.
1081 3926 1113 3989 p.
1138 3903 1191 3969 34.
1229 3900 1271 3966 de
1296 3924 1338 3969 ea

126 4007 218 4089 parte
241 4024 323 4090 quae
346 4003 385 4067 ad
407 4002 604 4069 Frontonem
630 4005 773 4090 pertinet
793 4027 897 4091 nuper
924 4007 1140 4093 disputavitl
1089 4003 1310 4071 tNaberus
1299 4028 1338 4071 111

126 4105 363 4192 prolegomenis
396 4127 499 4171 novae
532 4107 665 4173 editioni
696 4108 908 4192 epistularum
930 4108 1105 4175 Frontonis
1136 4105 1337 4192 praemissis.

126 4207 205 4271 mihi
229 4209 459 4274 accuratiorem
481 4210 631 4274 notitiam
661 4212 729 4276 eius
756 4211 858 4296 partis
888 4234 969 4297 (quae
997 4233 1036 4276 ex
1058 4209 1158 4275 Plinii
1185 4209 1338 4277 oratione

125 4309 240 4376 relicta
273 4316 323 4376 est
349 4311 477 4396 paravit
504 4312 663 4379 industria
692 4317 725 4378 et
746 4314 924 4379 liberalitas
947 4314 1040 4380 Pauli
1068 4311 1242 4399 Krruegeri‚
1278 4315 1339 4398 qui

42 4424 45 4429 ’
126 4417 262 4499 rogante
296 4413 495 4479 Mommseno
533 4416 674 4482 codicem
708 4417 951 4482 accuratissime
981 4440 1054 4482 cum
1086 4438 1158 4481 mea
1189 4413 1338 4483 editione

128 4516 266 4582 contulit
310 4519 343 4582 11
381 4516 516 4583 schedas
548 4543 620 4584 suas
653 4520 877 4586 liberalissime
910 4542 1035 4586 mecum
1070 4517 1337 4587 communicarit.
