2934 4966
172 296 257 345 xm
665 290 879 341 Pmnss'rro.

171 454 263 533 sunt,
285 448 328 513 ab
348 468 387 513 eo
408 448 445 511 in
465 468 529 533 quo
550 447 628 514 olim
650 469 722 513 cum
744 446 894 512 undecim
921 444 1131 533 panegyricis
1152 443 1254 512 Plinii
1274 441 1388 509 oratio

171 553 293 637 scripta
323 553 394 615 erat
421 550 499 615 satis
528 551 688 616 diversum
709 550 809 615 fuisse
837 548 889 614 vel
911 569 950 613 ex
972 546 1023 613 his
1050 570 1132 634 quae
1158 567 1248 625 nnnc
1269 566 1387 631 super·

172 658 251 720 sunt
272 651 421 738 intellegi
442 656 559 738 potest.
583 674 661 718 nam
683 657 716 718 et
737 652 818 718 vitia
832 651 990 737 quaedam
1007 651 1188 737 scripturae
1209 670 1251 715 ex
1270 652 1387 714 vetere

173 753 441 840 panegyricomm
465 755 574 821 codice
605 754 646 820 ad
674 757 783 821 omnia
809 753 1000 841 apographa
1027 756 1212 841 propagata
1238 752 1273 817 in
1301 753 1386 819 Am·

54 946 57 950 ⁴
172 857 332 923 brosianis
354 857 481 923 schedis
510 879 577 922 non
603 857 830 940 inveniuntur,
860 859 893 922 et
920 856 1000 941 elia,
1030 876 1112 943 qnae
1139 857 1229 921 recte
1255 855 1385 940 scripta

170 960 304 1026 fuerunt
331 958 367 1024 in
395 959 467 1043 illo,
496 958 636 1045 propriis
659 958 947 1025 Ambrosianarum
976 958 1168 1049 schedarum
1196 956 1287 1022 vitiis
1310 977 1393 1034 cor·¹

170 1067 267 1149 rupta
289 1064 376 1127 sunt.
415 1063 454 1127 de
476 1065 611 1147 unoque
627 1083 747 1148 genere
768 1061 804 1126 in
819 1061 1093 1128 commentatione
1114 1082 1221 1147 snpra,
1234 1059 1385 1125 indicata
1412 1056 1415 1061 ’
1453 1080 1456 1086 ’

170 1165 293 1230 dictum
324 1166 390 1245 est3
424 1186 513 1231 nunc
546 1164 693 1250 exempla
714 1163 856 1229 maxime
888 1163 1113 1229 memorabilia
1138 1163 1174 1229 in
1202 1165 1384 1248 conspectu

171 1268 317 1352 posuisse
338 1265 495 1351 sufficiat,
517 1266 691 1354 inquibus
713 1264 1004 1332 Ambrosianarum
1031 1265 1384 1357 schedarumscriptu·

170 1391 241 1434 ram
263 1370 321 1455 (Β)
345 1390 418 1433 cum
440 1390 478 1434 ea
500 1391 582 1454 quae
605 1368 751 1434 codicum
774 1389 934 1433 consensu
954 1367 1108 1433 firmatur.
1125 1368 1179 1453 (0)
1203 1367 1383 1453 composui,

171 1471 312 1536 melioris
335 1471 436 1557 igitur
458 1471 637 1557 scripturae
658 1471 694 1535 in
717 1470 901 1536 recentibus
921 1469 1086 1536 codicibus
1115 1469 1278 1536 communi
1299 1468 1382 1533 vitio

172 1576 340 1659 corruptae
363 1573 510 1658 exempla
524 1578 601 1639 sunt
622 1573 720 1658 haee,
743 1596 776 1659 p.
793 1573 867 1658 325,
887 1573 927 1639 12
948 1580 1143 1653 imperatoris
1163 1576 1328 1638 exordium
1349 1580 1384 1637 Β

171 1682 366 1757 imperatoris
388 1689 529 1742 exortus
552 1686 593 1741 0:
616 1676 689 1754 382,
710 1678 748 1741 11
773 1680 870 1741 dorice
891 1688 1068 1758 testrep...
1094 1674 1124 1754 (l.
1148 1674 1286 1760 saepius)
1308 1694 1382 1739 eorr-

158 1784 265 1869 ‚satem
288 1784 413 1844 uideant
433 1787 465 1843 Β
486 1785 583 1844 donec
604 1791 634 1843 te
655 1784 806 1845 certantum
828 1784 956 1844 uideant
978 1789 1018 1845 0:
1041 1777 1115 1857 383,
1131 1778 1152 1843 6
1171 1781 1335 1859 maenius
1350 1786 1383 1841 Β

167 1886 336 1962 praesidiis
358 1890 398 1946 0:
422 1880 496 1961 383,
523 1884 561 1945 11
590 1902 650 1947 noa
677 1894 710 1946 tu
736 1878 952 1963 locupletando
977 1888 1052 1958 fiseo
1075 1892 1220 1962 operatis
1241 1884 1327 1944 sedes
1349 1888 1382 1943 Β

94 2031 101 2041 ,
172 2004 233 2049 aaa
260 1989 475 2065 locupletando
500 1990 575 2061 fiseo
602 1988 687 2048 sedes
709 1993 750 2048 0:
784 1983 866 2066 388,
889 1984 908 2048 ‘i
930 1990 1072 2064 ,reliquas
1098 1990 1228 2048 uirtutes
1247 1992 1279 2048 Β
1300 1988 1382 2046 alias

171 2093 300 2152 uirtutes
329 2095 369 2150 0:
397 2086 441 2150 ib.
466 2086 485 2151 8
519 2108 575 2152 nee
598 2107 740 2167 utinquam
768 2091 823 2151 tibi
845 2092 1072 2167 persuadeatur
1097 2095 1130 2150 Β
1156 2106 1213 2151 nee
1234 2104 1381 2165 umquam

165 2194 397 2270 persuadeatur
419 2199 461 2254 0:
484 2188 558 2267 389,
578 2190 593 2253 l
611 2200 792 2270 prosecutus
813 2211 845 2254 es
866 2197 946 2254 eriim
967 2211 1026 2255 nee
1047 2195 1225 2270 ternperasti
1244 2192 1300 2278 tibi
1319 2206 1382 2267 quo

171 2298 270 2356 minus
291 2297 420 2357 erearui
439 2298 471 2356 in
492 2298 582 2357 litore
609 2298 783 2373 amplexus,
811 2298 844 2357 in
873 2298 965 2359 litore
986 2298 1122 2358 osculnm
1147 2295 1260 2368 serres.
1298 2296 1383 2354 stetit

171 2397 287 2459 Caeam
308 2400 340 2458 in
362 2399 418 2457 itta
441 2400 570 2460 amiatae
590 2401 715 2474 specula
737 2401 819 2460 stetit
828 2407 1056 2477 promotusque
1077 2409 1121 2460 est
1135 2399 1262 2459 abenmi
1270 2411 1379 2473 prona

170 2503 272 2561 maria
300 2505 332 2561 Β
355 2509 536 2577 prosecutus
557 2504 636 2562 eninr
657 2518 714 2562 aee
735 2508 764 2561 te
785 2503 943 2578 imperasti
963 2502 1022 2562 tibi
1041 2518 1101 2578 quo
1123 2503 1220 2562 minus
1249 2501 1381 2560 exeunti

173 2605 205 2663 in
234 2605 324 2665 litore
356 2605 519 2680 amplexus
549 2606 683 2664 assutum
713 2603 828 2676 ferres.
872 2605 955 2665 stetit
989 2603 1105 2664 Caesar
1141 2605 1173 2664 ia
1205 2603 1261 2661 iiia
1296 2604 1381 2662 ami-

177 2707 270 2766 citiae
291 2707 418 2783 specula
435 2713 643 2783 precatusque
670 2709 771 2767 maria
794 2712 829 2767 0.
868 2723 907 2767 ex
934 2701 975 2766 iis
1003 2705 1110 2766 autem
1132 2699 1272 2786 quaein
1295 2699 1382 2764 Am-

174 2801 326 2869 brosiano
359 2802 467 2869 codice
502 2806 670 2888 corrupta,
714 2805 749 2868 in
791 2802 923 2890 reliquis
956 2803 1084 2890 integra
1125 2806 1202 2868 sunt
1240 2801 1382 2866 maxime

174 2905 452 2970 commemoranda
474 2909 551 2971 sunt
566 2905 712 2991 exempla
728 2906 1005 2992 interpolationis,
1030 2909 1067 2971 ut
1082 2905 1203 2970 leviora
1217 2905 1380 2989 omittam,

172 3005 263 3090 haec,
285 3029 317 3092 p.
340 3006 413 3080 324,
436 3008 478 3073 23
501 3028 587 3089 quem
610 3014 669 3074 diis
690 3015 872 3074 simillimum
895 3014 1050 3074 intraueris
1072 3017 1098 3072 0
1120 3029 1216 3087 quem¹
1230 3013 1381 3087 dionissi-

172 3129 252 3173 mum
280 3116 433 3174 irruateris
453 3120 497 3176 Β;
527 3110 599 3190 382,
632 3113 671 3176 14
701 3132 831 3193 quorum
855 3123 943 3194 potes
970 3118 1035 3193 ipse
1062 3122 1201 3176 uotorum
1227 3120 1382 3191 compotes

169 3214 277 3289 facias
300 3221 327 3276 0
348 3216 403 3277 itas
424 3218 531 3293 quibus
549 3224 637 3294 potes
654 3211 712 3294 ip.
730 3223 889 3280 ,uotorum
915 3224 1036 3295 caperes
1061 3216 1169 3291 facias
1190 3222 1236 3277 R:
1269 3211 1314 3276 ib.
1338 3211 1383 3277 24

174 3321 363 3395 incoquitur
386 3322 543 3396 quandam
561 3324 768 3398 proximaque
789 3325 933 3382 maiorem
959 3337 1123 3398 praesumo
1143 3322 1291 3381 laetitiam
1312 3321 1383 3395 quis

172 3423 251 3482 enim
273 3428 336 3482 tam
358 3423 517 3485 medicatio
539 3418 575 3504 (1.
598 3421 760 3505 traderitis)
789 3424 928 3500 inperio,
958 3426 1013 3501 qui
1037 3440 1099 3486 aaa
1120 3429 1206 3488 tauto
1226 3423 1382 3482 meliorem

172 3526 325 3584 consulem
357 3532 459 3602 speret
492 3530 518 3585 0
552 3527 739 3602 inenuntium
772 3526 928 3603 quondam
960 3529 1199 3604 proximamque
1229 3526 1383 3586 maiorum

167 3642 334 3703 praesumo
370 3628 518 3689 laetitiam
555 3631 622 3704 qais
663 3631 742 3691 euim
779 3648 820 3691 ea
856 3638 919 3690 tam
955 3631 1050 3692 doadi
1085 3631 1208 3705 inperio
1244 3643 1304 3689 aaa
1340 3661 1382 3672 -

52 3762 57 3772 ·
171 3735 273 3805 speret
292 3734 332 3791 Β.

257 3826 310 3892 Ad
325 3828 549 3894 auctoritatem
565 3828 710 3894 codicum
725 3830 840 3914 quibus
855 3853 944 3897 nune
958 3831 1089 3915 utimur,
1101 3830 1134 3895 si
1149 3829 1278 3916 quando
1293 3828 1383 3895 inter

173 3950 208 3994 se
232 3928 445 4015 dissentiunt,
470 3931 650 3997 accuratius
673 3932 887 3998 definiendam
902 3933 1028 3998 diversa
1038 3933 1080 3997 ab
1090 3932 1156 3999 illis
1170 3930 1384 3998 Ambrosiani

174 4030 249 4096 libri
264 4033 409 4098 recensio
424 4034 477 4098 vix
491 4035 662 4121 quicquam
670 4034 806 4100 confert.
831 4036 884 4100 sed
899 4057 1038 4120 eaquae,
1054 4036 1260 4121 quiapariter
1269 4035 1305 4100 in
1314 4033 1382 4101 illis

174 4133 322 4200 omnibns
345 4134 513 4222 leguntur,
537 4137 572 4201 in
589 4139 750 4202 communi
766 4159 875 4203 eorum
885 4138 1067 4223 ,archetypo
1082 4139 1128 4204 sic
1143 4139 1265 4223 scripta
1280 4136 1382 4203 fuisse
1459 4193 1464 4203 .

174 4257 305 4302 necesse
327 4240 377 4302 est
397 4237 509 4303 multis
532 4241 565 4302 et
586 4240 740 4324 gravibus
763 4240 851 4305 vitiis
874 4239 1021 4306 laborare
1045 4240 1170 4306 collatis
1193 4239 1382 4305 Ambrosia-

174 4339 225 4403 nis
248 4339 375 4405 schedis
397 4340 558 4407 docemur.
597 4364 791 4429 quamquam
813 4365 866 4407 eos
894 4344 949 4428 qui
977 4365 1043 4409 non
1067 4342 1260 4408 auctoritate
1282 4340 1381 4409 libro·

174 4463 246 4506 rum
268 4443 323 4527 qui
345 4442 430 4508 forte
452 4444 556 4508 relicti
580 4448 673 4528 sunt,
702 4447 759 4511 sed
781 4446 906 4511 ratione
929 4451 964 4511 et
984 4447 1104 4511 iudicio
1126 4467 1227 4531 prava
1249 4467 1269 4510 a
1291 4447 1382 4514 sanis

173 4544 355 4612 discernere
379 4546 561 4612 didicerunt
582 4568 649 4613 non
672 4570 767 4635 egere
789 4548 992 4614 huiusmodi
1015 4549 1208 4614 documento
1230 4553 1320 4634 puto,
1343 4555 1382 4618 ut
