2934 4966
163 286 226 352 132
682 252 719 349 e.
742 300 840 349 nurui
900 279 902 283 ’

63 489 64 492 “
134 456 246 523 4eivis
266 454 408 540 optimus
430 452 557 541 diligas.
588 453 685 521 velim
706 475 813 541 ergo,·
826 475 898 520 eum
919 452 1065 540 proxime
1080 452 1275 521 decuriones
1297 474 1375 521 eon·
1403 471 1405 475 ⁴

162 556 348 640 hahentur,
388 555 465 641 quid
497 556 542 622 ait
573 556 653 623 iuris
684 556 825 641 indices,
864 578 962 643 parea
993 559 1106 623 tamen
1137 560 1172 623 et
1206 555 1373 641 madata

161 657 279 724 deiude
299 656 479 744 subiungas
509 680 569 747 uos
596 658 836 746 quadringenta
857 657 947 724 milia
968 658 1099 744 offerre,
1124 658 1212 727 sieut
1236 680 1375 745 praece

162 761 248 847 perit
270 759 476 827 Saturninus.
519 759 607 826 illius
634 759 852 845 boemanos,
880 759 968 826 illius
996 759 1191 846 liberalitas3
1217 765 1373 829 nosmum

129 866 288 932 blantum
309 862 496 948 obsequium
518 867 661 950 uocetur.
704 862 786 930 haee
808 884 870 951 ego
884 863 1025 929 seribere
1045 862 1174 949 publice
1188 863 1371 949 supernam
1383 894 1404 939 a

51 971 56 985 '
123 980 143 987 ’·
161 965 301 1055 primum·
328 965 412 1050 quod
442 966 652 1031 memineram
671 987 738 1052 pro
765 964 1004 1031 necessitudine
1030 964 1393 1054 amicitiaenostraej„

160 1090 220 1155 pro
239 1067 398 1135 facultate
420 1068 611 1153 prudentiae
632 1072 708 1134 tuae
731 1072 765 1134 et
778 1068 894 1134 debere
915 1071 949 1133 te
971 1071 1006 1135 et
1026 1087 1122 1153 posse
1135 1065 1275 1153 perinde
1287 1056 1404 1135 meis'?

80 1195 87 1204 ³
161 1192 200 1237 ae
222 1170 287 1236 tuis
309 1169 457 1255 partibus
486 1170 599 1255 iungi3
628 1169 744 1236 deinde
772 1170 847 1256 quia
874 1171 1010 1237 verebar
1030 1191 1074 1237 ne
1094 1168 1243 1253 modum,
1271 1171 1379 1257 quem

159 1273 221 1337 tibi
248 1271 284 1337 in
313 1291 461 1337 sermone
490 1272 652 1339 custodire
679 1272 775 1339 facile
802 1276 869 1353 est,
896 1273 1040 1338 tenuisse
1066 1272 1103 1337 in
1131 1271 1275 1359 epistula
1300 1274 1397 1339 nou'

12 1376 19 1383 ’
127 1373 293 1440 drideret.
337 1395 415 1438 nam
444 1394 626 1439 sermonem
652 1373 776 1458 vultus,
811 1377 939 1461 gestae,
971 1373 1134 1459 voxfipsa
1158 1372 1405 1459 moderatores

159 1475 299 1561 epistula
318 1475 466 1540 omnibus
494 1475 829 1555 commendationibus
856 1470 1387 1576 destitutassrualignitati.iuter}⁵

158 1577 358 1663 pretentium
380 1576 564 1662 exponitur.
607 1578 688 1644 vale.
1122 1623 1124 1629 ·
1358 1613 1361 1618 ·

714 1747 806 1815 vui.
839 1711 898 1783 s

415 1870 446 1922 0.
463 1869 611 1923 PLINIUS
630 1870 774 1923 TITINIO
792 1869 969 1923 capluom
987 1870 1059 1923 SUO
1076 1873 1105 1923 S.
1194 1887 1196 1891 ’

132 1993 147 2054 1
244 1984 366 2052 Suades
388 1989 425 2053 ut
451 1984 622 2052 historiam
644 1986 800 2071 scribam,
835 1990 869 2052 et
900 1986 1017 2052 suades
1038 2008 1106 2053 non
1128 1987 1231 2053 solus:
1267 1986 1403 2063 malfia

99 2167 102 2172 ,
158 2088 219 2155 hoa
249 2111 301 2155 me
334 2110 431 2174 saepe
463 2092 676 2173 monuerunt,
710 2091 745 2174 et
776 2110 837 2175 ego
867 2088 955 2174 uolo,
988 2109 1057 2155 non
1088 2089 1166 2175 quia
1197 2090 1380 2175 eommode·¹

156 2191 319 2257 facturam
343 2212 413 2256 esse
435 2190 596 2257 confidam
623 2189 670 2274 lid
691 2190 779 2255 euim
806 2194 927 2256 temere
954 2190 1159 2280 eredaetnisi
1184 2195 1364 2279 expertas),

157 2294 214 2360 sed
237 2293 323 2380 'quia
355 2293 436 2358 mihi
467 2291 638 2378 pulchrum
664 2293 701 2357 in
730 2293 842 2377 primis
870 2292 999 2358 videtur
1023 2304 1093 2359 non
1119 2293 1190 2379 pati
1215 2294 1365 2361 neddere

124 2446 128 2455 ,
158 2382 274 2482 quibis
302 2395 479 2462 aeternitas
506 2394 662 2461 debeatur
689 2393 886 2480 aliorumque
912 2394 1036 2461 famam
1064 2417 1139 2461 eum
1163 2418 1224 2463 sua
1251 2401 1365 2465 exten·

112 2498 245 2564 idere.
290 2519 342 2563 me
369 2500 479 2565 autem
510 2495 593 2562 nihil
621 2518 720 2583 aeque
748 2517 787 2562 ao
814 2496 1040 2574 diuturnitatis
1066 2518 1159 2564 amor
1183 2500 1218 2565 et
1245 2500 1405 2587 oupidoar

142 2599 328 2689 sollicitat,
352 2620 404 2665 res
426 2598 556 2665 homine
578 2599 785 2685 dignissima,
808 2621 846 2664 eo
868 2599 1058 2685 praesertim
1079 2600 1134 2686 qui
1156 2600 1277 2667 nullius
1299 2602 1364 2669 sibi

36 2789 37 2792 Ἴ
128 2702 307 2770 Βοοηεοὶιιε
336 2702 449 2788 eulpae
477 2701 678 2786 posteritatis
704 2701 893 2766 memoriam
920 2723 988 2767 uon
1010 2701 1207 2768 reformidet.
1251 2703 1364 2792 itaque

80 2825 82 2828 ⁴
157 2803 270 2871 diebus
302 2825 341 2870 ae
374 2803 524 2870 noctibus
559 2803 681 2889 cogito,
715 2803 824 2888 ‘siqua
853 2824 907 2868 me
938 2815 1064 2890 quoque
1093 2805 1214 2891 possim
1246 2806 1364 2873 tollere

157 2906 291 2973 liumo':
323 2907 357 2972 id
379 2907 570 2973 enimvvoto
590 2927 663 2971 meo
684 2904 822 2988 suffieit,
842 2904 929 2992 ,illud
951 2927 1049 2991 supra
1070 2910 1197 2993 votnm,
1226 2908 1363 2975 ‘vietam

157 3030 220 3095 que
242 3010 346 3075 virum
373 3007 510 3074 volitare
536 3029 595 3094 per
622 3029 689 3095 ora.
734 3028 929 3093 quamquam
950 3008 1005 3073 ol'
1032 3008 1090 3073 sed
1110 3006 1173 3074 boe
1190 3009 1277 3076 satis
1298 3016 1401 3101 “iiii

157 3209 362 3220 —u—-nn

226 3330 312 3403 asir]
331 3299 395 3387 aa
481 3333 959 3397 indieesludieesnprdiaass
1027 3332 1125 3403 parea]
1145 3340 1275 3404 parcan
1320 3344 1384 3398 ‚a

47 3441 49 3445 >
158 3402 251 3456 0000
271 3404 421 3467 milliump
507 3405 606 3456 offerre
625 3421 672 3454 (aar.
691 3405 734 3466 Bp
780 3405 992 3469 ,praecepitp
1049 3405 1242 3458 aliteraliter
1259 3410 1362 3467 Ιῦςι

156 3471 337 3525 liberalitatis
354 3487 392 3537 pr
460 3479 583 3525 nostram
601 3489 648 3523 om.
666 3474 710 3533 ltu
771 3475 806 3521 15
824 3477 932 3522 tantum
950 3474 1001 3523 1⁸
1017 3474 1108 3524 terdlt
1127 3481 1220 3526 tamen
1237 3490 1275 3540 pr
1342 3480 1362 3528 6

157 3547 269 3593 nostrae
288 3568 316 3578 -
338 3542 502 3608 prudentiae
521 3540 567 3596 orii.
585 3544 649 3604 Itpr
751 3542 766 3589 1
790 3540 902 3605 perinde
928 3542 997 3592 meis
1016 3557 1051 3593 aa
1069 3545 1126 3594 tuis
1144 3544 1274 3608 partibus·
1288 3548 1361 3604 Ιςι

157 3609 217 3660 lieri
235 3610 269 3661 de
287 3607 331 3677 (de
348 3627 395 3663 om.
413 3609 524 3673 rl‘meis
542 3611 652 3661 actibus
671 3608 796 3674 partibus
813 3610 876 3671 llpr
944 3611 960 3660 8
979 3625 1060 3676 quem
1077 3611 1189 3662 tibin
1204 3613 1261 3665 tibi
1277 3616 1378 3680 quem

155 3679 220 3742 ltpr
289 3681 320 3730 la
339 3695 373 3730 ex
393 3681 487 3743 onitp

225 3748 295 3800 vm
322 3750 353 3798 14
374 3696 524 3800 prmum
546 3763 594 3798 om.
617 3746 744 3807 Ilipa:
776 3745 981 3796 ‘Ilicem-dianus
1006 3748 1033 3797 in
1058 3749 1143 3801 indice
1169 3751 1207 3802 ad
1221 3750 1360 3804 Titinium

126 3810 141 3847 ,'
158 3814 330 3882 Caepionem
356 3818 451 3867 mistice
479 3819 515 3866 ad
541 3816 653 3866 Tacitum
677 3815 802 3878 scriptam
827 3815 960 3878 epistulam
982 3812 1099 3868 inalbare
1114 3820 1218 3870 uidetur
1235 3819 1360 3873 Sidoniae

158 3886 320 3950 Apollinaris
346 3885 416 3935 1111
431 3887 475 3947 21,
501 3899 619 3948 namque
642 3886 671 3932 et
693 3881 848 3946 antiquitus
866 3897 928 3932 eum
946 3882 1035 3935 Gaius
1053 3885 1199 3938 Cornelius
1216 3888 1290 3939 Gaio
1309 3890 1360 3940 Se·

158 3953 248 4004 eundo
267 3954 347 4020 paria
365 3953 513 4014 suasisset,
532 3954 591 4017 lpse
611 3949 780 4016 postmodum
800 3951 871 4014 qnod
890 3951 1011 4002 iniunxit
1029 3955 1148 4020 arripuit
1216 3958 1250 4007 15
1267 3955 1359 4008 solum

156 4023 178 4069 n
249 4021 368 4072 multer
454 4023 485 4070 16
503 4021 555 4071 liae
573 4035 616 4070 me
632 4021 683 4068 le
705 4035 747 4069 me
767 4019 818 4068 hoe
836 4021 896 4081 npr
965 4018 1128 4072 maduerat)
1197 4039 1254 4075 uon
1270 4026 1359 4078 aad

227 4094 257 4141 11
277 4090 413 4141 confidam
431 4091 460 4138 Ι
479 4088 584 4139 confido
601 4091 687 4150 ltpra
738 4086 765 4136 ill
783 4089 869 4137 oriali
929 4090 960 4139 18
979 4104 1033 4140 non
1052 4092 1112 4156 pati
1130 4091 1197 4153 (uon
1215 4107 1234 4142 n
1251 4094 1313 4159 pati
1323 4095 1358 4159 n>

157 4158 283 4211 occidere
300 4162 384 4222 Ilpre
402 4159 521 4224 posteris
540 4157 648 4207 tradere
666 4157 695 4204 Ι
794 4159 825 4205 19
845 4172 905 4206 cram
923 4172 955 4206 ea
974 4173 1026 4208 suia
1044 4159 1194 4210 extendere
1211 4161 1240 4210 1
1324 4164 1359 4214 20

157 4240 234 4277 emor
253 4234 280 4278 et
298 4228 400 4294 cupido
418 4228 468 4275 Ha
486 4226 589 4276 amoris
608 4224 708 4289 cupido
725 4225 771 4284 np
788 4230 817 4274 et
836 4226 938 4275 amoris
957 4226 1057 4292 cupido
1075 4240 1109 4283 r3
1194 4230 1228 4279 21
1247 4229 1357 4282 homine

100 4345 103 4350 ,
157 4293 317 4360 dignissime
345 4313 361 4348 o
387 4295 551 4362 praesertim
573 4295 602 4342 Ι
629 4293 737 4343 homine
764 4292 898 4358 illumines
921 4294 955 4360 u)
982 4296 1163 4362 dignissimae
1189 4301 1358 4362 praesertim

155 4364 200 4426 Dp
218 4364 329 4415 homine
349 4367 394 4428 (eo
414 4364 522 4415 bomine
541 4363 568 4425 a)
593 4362 757 4428 dignissima
780 4363 944 4425 praesertim
962 4377 1021 4420 rea
1107 4367 1140 4416 23
1158 4363 1252 4434 sique}
1277 4368 1357 4434 Verp.

154 4445 243 4496 peorp.
263 4433 349 4485 1118
419 4427 541 4498 quoque]
562 4443 675 4497 quomp
761 4431 794 4480 ‘24
812 4429 906 4500 humo]
926 4432 1007 4485 horno
1023 4437 1046 4483 n
1115 4434 1257 4486 sufficiet
1324 4440 1360 4490 25

75 4535 78 4543 .
157 4499 331 4569 quamquam]
358 4502 437 4567 Verq.
456 4503 522 4552 Aea.
546 4500 574 4549 V
590 4503 637 4550 195
707 4515 788 4549 outa.
806 4500 833 4547 11
902 4502 953 4553 sed
969 4501 1023 4555 hoe
1041 4503 1169 4555 retineat
1186 4503 1259 4571 quod
1276 4506 1359 4560 ned

149 4567 205 4619 boe
220 4571 295 4622 satie
313 4575 357 4623 eat
374 4575 403 4623 et
421 4569 493 4637 quod
510 4572 538 4619 11
555 4568 606 4622 sed
624 4569 695 4620 satis
714 4575 758 4620 est
775 4568 848 4634 quod
863 4571 929 4634 ltpr
