2934 4966
458 256 705 346 sersruasiun
726 289 1064 358 v111.s.(a.1os.1os)
1304 283 1369 351 215
1418 265 1422 273 ⁴

160 450 277 536 fuisse,
305 450 369 515 nisi
396 448 627 538 obsequeretur
653 452 812 538 principis
840 451 1017 535 voluntati,
1047 453 1099 518 eui
1121 474 1189 518 non
1211 456 1297 519 esset
1317 454 1369 520 fas

161 555 199 620 in
227 554 294 619 ulle
320 575 371 635 re·
384 574 577 640 repugnare.
620 556 669 621 ita
706 578 749 622 ne
782 553 967 621 sestertium
1002 556 1125 622 centies
1154 556 1369 644 quinquagies

162 656 272 723 Pallas
294 676 334 720 ex
350 656 473 722 aerario
488 656 598 742 ferret,
622 659 817 725 verecundia
829 657 947 742 ipsius,
972 656 1125 744 obsequio
1140 662 1273 725 senatus
1289 682 1369 746 opus

162 763 227 828 fuit
255 761 291 827 in
312 759 375 827 hoc
395 762 568 847 praecipue
590 784 656 827 non
677 762 878 845 obsecuturi,
901 761 928 824 si
951 759 986 826 in
1007 760 1074 826 ulla
1095 783 1131 827 re
1152 767 1301 848 put-asset
1320 763 1372 830 fas

131 878 149 917 ⁵
163 887 233 930 esse
247 885 323 929 ¹non
338 863 481 949 obsequi.
515 865 613 929 finem
629 863 819 930 existimas?
845 884 939 928 mane
954 863 1031 928 dum
1054 868 1087 929 et
1101 865 1224 930 maiora
1245 867 1372 953 accipe:
1384 867 1423 932 13

150 969 287 1053 '‘utique
315 989 388 1032 eum
416 968 467 1056 sit¹
487 967 567 1032 utile
593 967 751 1058 principis
774 966 1012 1052 benignitatem
1035 968 1309 1053 promptissimam
1331 970 1371 1034 ad

163 1071 292 1136 laudem
314 1069 521 1156 praemiaque
544 1072 736 1134 merentium
762 1059 930 1134 inlustrari
953 1065 1087 1154 ubique,
1117 1075 1150 1135 et
1171 1072 1310 1150 maxime
1332 1073 1372 1138 iis

163 1173 244 1240 locis
265 1172 381 1258 quibua
403 1154 535 1237 incitari
558 1172 598 1237 ad
620 1172 836 1238 imitationem
856 1172 1034 1257 praepositi
1056 1195 1163 1239 rerum
1185 1175 1253 1240 eius
1276 1197 1373 1242 curae

165 1280 314 1363 possent,
347 1279 381 1340 et
408 1274 568 1341 Pallantis
601 1266 839 1360 spectatissima
870 1275 950 1340 fides
978 1280 1075 1362 atque
1102 1276 1291 1343 innocentia
1320 1301 1372 1344 ex-

121 1395 152 1434 ¹⁰
166 1380 273 1466 emplo
295 1400 470 1464 provocare
492 1380 636 1443 studium
658 1383 726 1443 tam
752 1376 913 1443 honestae
931 1378 1158 1445 aemulationis
1179 1385 1306 1467 posset,
1334 1405 1373 1447 ea

165 1509 248 1572 quae
270 1485 310 1551 X.
327 1483 401 1554 Kal.
418 1481 626 1566 FebruariaS,
650 1502 732 1568 quae
749 1482 914 1566 proximae
935 1482 1093 1565 fuissent,
1116 1483 1151 1548 in
1174 1484 1373 1569 amplissimo

165 1575 289 1667 ordine
307 1588 447 1672 optimus
475 1586 627 1674 princeps
661 1584 830 1649 recitasset
861 1577 1056 1670 senatusque
1091 1587 1239 1651 consulta
1266 1588 1306 1652 de
1333 1587 1373 1652 iis

165 1691 261 1756 rebus
283 1691 372 1755 facta
393 1689 428 1753 in
451 1673 525 1753 aere
548 1687 778 1772 inciderentur,
801 1683 898 1772 idque
921 1687 1145 1774 aesfigeretur
1167 1688 1207 1753 ad
1230 1692 1373 1755 statuam

165 1795 334 1859 loricatam
356 1792 422 1856 divi
444 1789 542 1856 Iulii'.
581 1811 692 1874 parum
709 1790 813 1855 visum
834 1792 1001 1855 tantorum
1016 1790 1207 1857 dedecorum
1229 1814 1299 1857 esse
1321 1814 1373 1858 eu·
1385 1797 1425 1859 14

126 1906 153 1946 ¹⁵
167 1897 250 1962 riam
277 1899 410 1960 testem:
443 1893 585 1958 delectus
613 1895 663 1956 est
690 1891 916 1958 celeberrimus
943 1893 1049 1976 loeus,
1081 1894 1117 1958 in
1145 1916 1209 1979 quo
1235 1894 1374 1981 legenda

165 1997 408 2086 praesentibus,
437 1996 575 2082 legenda
596 1994 714 2088 futuris
742 1995 964 2081 proderentur.
1003 1995 1127 2081 placuit
1149 2019 1222 2062 aere
1250 1999 1375 2084 signari

167 2123 279 2168 omnes
294 2100 431 2165 honores
446 2097 699 2163 fastidiosissimi
713 2097 885 2183 mancipii,
909 2120 1051 2183 quosque
1067 2100 1268 2185 repudiasset
1282 2123 1374 2186 quos·

167 2228 245 2292 que,
269 2205 425 2290 quantum
449 2201 490 2265 ad
511 2200 717 2266 decernentis
745 2201 902 2285 pertinet,
931 2201 1095 2286 gessisset.
1135 2203 1239 2268 ineisa
1267 2208 1301 2269 et
1326 2205 1374 2270 in·

169 2307 296 2393 sculpto
311 2310 388 2370 sunt
402 2302 540 2390 publicis
556 2303 759 2387 aeternisque
773 2304 989 2368 monumentis
1005 2305 1168 2390 praetoria
1182 2311 1375 2372 ornamenta

128 2421 155 2463 ²⁰
169 2411 344 2493 Pallantis,
366 2408 415 2473 >sic
430 2402 667 2499 quasi·l'eedera
683 2405 834 2491 antiqua,
859 2405 905 2470 sic
920 2407 1016 2492 quasi
1028 2417 1140 2473 sacrae
1155 2408 1255 2496 leges.
1279 2412 1374 2475 tanta
1386 2411 1437 2480 15·

168 2513 342 2600 principis,
371 2513 467 2575 tauta
494 2513 644 2591 sanatae,
672 2511 766 2573 tanta
787 2507 949 2574 Pallantis
971 2509 1078 2594 'ipsius
1098 2549 1144 2561 -
1164 2512 1241 2597 quid
1269 2512 1374 2578 dicam

168 2617 295 2699 nescio,
319 2617 357 2679 ut
369 2612 491 2678 vellent
509 2612 544 2677 in
560 2611 661 2676 oculis
676 2610 821 2675 omnium
835 2612 909 2696 figi,
924 2608 1032 2677 Pallas
1048 2613 1257 2680 insolentiam
1271 2638 1373 2701 suam,

169 2719 361 2805 patientiam
391 2708 508 2785 Caesar
515 2765 524 2799 ,
553 2713 768 2779 humilitatem
798 2719 941 2795 senatus.
983 2738 1044 2781 nec
1071 2717 1187 2802 puduit
1214 2718 1375 2785 rationem

131 2891 133 2895 Α
169 2819 366 2907 turpitudini
387 2817 578 2900 obtendere,
603 2817 769 2902 egregiam
790 2816 920 2902 quidem
941 2817 1173 2904 pulchramque
1202 2822 1373 2907 rationem,

129 2943 156 2983 rs
170 2929 207 2990 ut
229 2921 374 3007 exemplo
389 2921 549 2987 Pallantis
571 2919 841 3004 praemiorumad
864 2921 1007 2985 studium
1028 2923 1254 2999 aemulationis
1276 2926 1386 2991 ceteri'

170 3029 432 3114 provocarentur.
466 3047 504 3089 ea
519 3024 677 3088 lionoruur
693 3022 801 3086 vilitas
817 3026 897 3105 erat,
914 3023 1040 3092 illorum
1058 3025 1156 3089 etiam
1172 3049 1251 3111 quos
1267 3027 1375 3093 Pallas
1387 3031 1427 3095 16

170 3147 237 3199 non
266 3129 514 3215 dedignabatur.
560 3125 811 3190 inveniebantur
837 3128 948 3190 tamen
978 3127 1113 3191 honesto
1135 3128 1207 3193 loco
1227 3129 1298 3195 nati
1320 3131 1375 3215 qui

172 3238 322 3321 peterent
345 3234 560 3317 cuperentque
575 3228 660 3313 quod
675 3226 744 3290 dari
768 3227 901 3311 liberto,
924 3230 1070 3313 promitti
1086 3231 1185 3295 servis
1209 3233 1372 3298 videbant.

172 3360 268 3425 quam
297 3337 387 3401 insert·
415 3333 499 3419 quod
527 3332 561 3394 in
591 3334 738 3414 tempora
764 3330 823 3393 illa
848 3353 914 3396 non
928 3391 929 3394 ,
943 3332 1059 3416 incidi,
1089 3355 1224 3418 quorum
1246 3334 1292 3399 sic
1315 3357 1375 3419 me,
1387 3340 1425 3403 17

244 3626 364 3695 lesseti
384 3633 458 3679 esti·
537 3628 605 3674 ine
625 3624 782 3673 sestertium
801 3627 873 3678 152
891 3642 934 3675 ma
952 3628 1142 3677 sestertiurnr
1209 3632 1276 3679 3cr
1297 3647 1375 3681 aera·

173 3704 214 3756 rio
233 3702 349 3752 referret
365 3712 382 3746 a
450 3699 466 3745 4
486 3696 508 3744 si
528 3695 555 3743 in
575 3693 632 3742 ulia
651 3708 679 3741 re
698 3693 726 3740 Μ
745 3694 769 3742 si
788 3693 865 3743 rnrlla
883 3708 939 3744 rer
957 3697 981 3744 si
999 3696 1027 3744 in
1047 3696 1125 3745 nulla
1145 3714 1172 3747 re
1192 3711 1209 3744 a
1278 3705 1375 3763 prutes·

173 3777 237 3823 sent
253 3770 302 3824 15
372 3765 618 3831 liprincipilffr.
661 3763 676 3811 7
695 3763 1032 3826 praemiumercntiumr
1089 3766 1191 3831 ubique
1211 3769 1375 3818 etmaxime

174 3843 210 3892 iis
227 3839 297 3891 loeis
316 3853 332 3884 a
351 3837 397 3885 ubi
414 3840 442 3884 et
460 3834 578 3882 mraxin‘rc
598 3831 641 3878 his
660 3829 730 3878 loeis
748 3831 795 3877 Hi·
813 3831 860 3880 ubi
879 3836 907 3881 et
925 3834 1051 3881 inanimis
1069 3833 1138 3883 loeis
1157 3847 1173 3888 ς
1242 3838 1258 3885 8
1277 3852 1375 3902 propo.

172 3912 221 3961 siri
239 3904 271 3957 r*
342 3917 442 3954 curaa
510 3900 635 3962 variique
654 3899 681 3944 Μ
754 3902 784 3948 10
808 3902 928 3964 possitr
998 3918 1032 3950 ea
1051 3917 1121 3966 «ptrue
1141 3904 1165 3952 X
1184 3904 1217 3954 li.
1239 3905 1376 3956 subterias

173 3983 201 4029 u
219 3991 306 4041 enque
326 3974 348 4023 X
368 3971 422 4024 cal.
440 3970 608 4021 februariir
634 3982 723 4029 caspie
751 3977 816 4017 arrte
845 3969 869 4018 X
889 3968 949 4018 Cal.
967 3969 1114 4020 Februarii
1132 3984 1149 4026 ς
1168 3986 1256 4036 eaque
1276 3979 1376 4036 quarto

174 4049 238 4100 lial.
259 4042 440 4094 Februariis
510 4042 538 4088 ll
560 4036 733 4102 proximare
812 4039 842 4086 12
860 4037 999 4087 ordinehl
1086 4041 1375 4092 senatusconsultum

174 4119 209 4167 de
227 4116 282 4166 hiis
301 4112 384 4162 rebus
403 4110 482 4158 t'acta
509 4108 536 4155 in
556 4122 601 4154 ere
621 4103 808 4153 inciderentur
835 4105 915 4169 idque
944 4106 1156 4170 eflirrgercturr
1182 4109 1208 4156 S.
1228 4109 1259 4161 C,
1279 4109 1313 4159 do
1332 4111 1376 4160 his

175 4186 256 4237 rebus
277 4181 400 4232 laetain
419 4194 466 4227 aes
486 4175 675 4224 inciderentur
692 4172 774 4236 idque
794 4173 980 4238 rrilligerents
1044 4174 1139 4224 deliis
1158 4176 1275 4227 rebusa
1344 4181 1376 4230 15

175 4257 203 4304 iu
224 4270 278 4319 quo
296 4247 417 4313 legenda
434 4248 506 4299 lica
525 4242 674 4294 incolenda
691 4256 705 4290 r
777 4243 807 4289 16
829 4241 989 4306 proderetur
1006 4245 1037 4290 r*
1109 4245 1138 4292 17
1159 4245 1375 4296 fastidiosissimi

175 4338 284 4388 qrroque
303 4317 435 4380 nruucipii
454 4313 658 4378 repudiassetr
686 4309 902 4360 fastidiosissimi
930 4326 1037 4374 quoque
1061 4314 1192 4377 nrmreipii
1212 4330 1279 4377 quos
1298 4331 1375 4380 repu-

174 4394 318 4443 ‹liassetg
390 4386 420 4434 18
438 4383 612 4446 inscalptae
681 4384 714 4431 ‘20
738 4379 854 4442 antiqua
872 4380 896 4428 si
915 4380 996 4440 qrrasi
1014 4377 1046 4426 r*
1116 4386 1145 4429 21
1163 4388 1243 4430 truita
1260 4389 1376 4433 serratus

176 4483 225 4515 θυι.
243 4463 301 4523 ΠΤ,
320 4457 383 4505 (reid.
402 4471 418 4505 8
487 4458 519 4504 ‘22
538 4457 570 4500 ut
586 4451 692 4500 uellent
709 4465 727 4498 a
744 4449 768 4498 sl
788 4445 895 4497 uellent
910 4447 956 4495 Mt
1025 4453 1058 4498 23
1077 4446 1185 4514 puduit]
1205 4449 1326 4514 potuitt

175 4524 601 4595 ‘llturpitudini-rationem
619 4534 698 4572 oum
801 4519 834 4566 rt
853 4516 992 4565 utilitasr
1078 4520 1110 4567 ri
1136 4533 1188 4567 nrm
1207 4518 1378 4583 dignabatur

176 4605 323 4656 Coronaeus
393 4598 426 4647 ‘28
443 4592 579 4662 promittis
597 4590 686 4641 seruis
703 4587 868 4637 uidebantur
885 4599 899 4633 r
917 4586 1043 4651 promitti
1057 4587 1146 4638 seruis
1161 4587 1315 4637 uidebatur
1331 4600 1352 4639 ς
