2934 4966
210 265 273 331 110
313 254 316 260 ·
622 275 631 295 =
719 216 767 332 ¹c.
790 282 889 333 enm

180 435 299 504 itione
321 435 536 503 consueverit.
564 456 643 501 nam
666 456 739 502 cum
759 439 899 502 mutem
917 454 1025 502 meam
1039 436 1198 521 -parentn‘s
1224 435 1297 503 loco
1324 456 1417 504 vere·

207 537 310 623 reris,
338 557 391 603 me
418 538 600 624 spueritia
626 539 738 605 statim
758 538 916 623 formare,
943 537 1077 604 laudare
1100 537 1281 625 talemque,
1308 538 1416 624 qualis

177 644 296 709 8nuuo
327 639 420 706 uxori
451 661 543 707 meae
574 640 696 726 videor,
717 641 858 709 ominari
888 639 1025 707 solebas.
1065 641 1217 708 certatim
1243 662 1324 729 ergo
1352 638 1415 708 tibi

208 742 333 828 gratias
355 742 494 830 agimus,
517 764 579 830 ego
600 744 686 830 quod
707 743 797 811 illam
817 742 910 830 mihi,
932 743 991 811 illa
1010 742 1096 830 quod
1115 765 1168 810 mc
1188 743 1252 811 sibi
1273 744 1413 831 dederis,

208 845 301 930 quasi
322 844 463 912 invicem
484 845 632 933 elegeris.
661 846 744 913 vale.
1091 911 1097 921 ,
1427 866 1442 909 s

775 1015 851 1087 xz
1094 1065 1097 1069 .

487 1137 522 1196 c.
538 1139 690 1196 ramnus
707 1139 826 1195 uoruo
843 1103 992 1194 nemun
1011 1092 1083 1194 suo
1100 1140 1129 1195 s

181 1265 198 1328 1
295 1254 380 1333 Quid
391 1257 548 1323 senserim
561 1258 603 1324 de
616 1257 755 1344 singulis
776 1257 843 1325 tuis
863 1257 958 1324 libris
970 1260 1085 1325 notum
1098 1256 1173 1344 tibi,
1194 1261 1234 1326 ut
1253 1229 1416 1347 quamque

207 1357 428 1446 perlegeram,
450 1359 531 1426 feci:
552 1360 664 1447 accipe
684 1382 775 1428 nuuc
788 1360 866 1448 quid
887 1360 1100 1437 douniversis
1119 1360 1323 1448 generaliter
1332 1361 1417 1431 iudi·

176 1467 290 1533 2cem.
314 1465 365 1527 est
379 1452 459 1547 opus¹
473 1460 655 1548 pulchrum,
668 1462 823 1549 validum,
846 1484 931 1549 acre,
946 1462 1094 1548 sublime,
1110 1464 1248 1550 varium,
1264 1464 1413 1635 elafius,
1456 1542 1458 1546 ¹

206 1584 341 1648 purum,
375 1565 567 1651 figuratum,
600 1566 779 1652 spatiosum
806 1565 906 1634 etiam
927 1569 969 1663 et
995 1582 1075 1633 cum·
1095 1568 1308 1656 magnatus>
1350 1559 1415 1635 ude

110 1702 113 1707 <
206 1665 373 1752 diffusum,
396 1668 433 1733 in
446 1669 559 1754 quotu
573 1667 700 1754 ingenii
714 1668 810 1735 simul
830 1667 1015 1754 dolorisque
1029 1668 1109 1735 velis
1127 1668 1285 1755 latissime
1297 1674 1415 1738 vectus

51 1769 55 1775 ’
175 1775 252 1842 3es.
281 1767 397 1835 horum
418 1773 589 1872 utrumque
610 1771 750 1837 invicem
772 1771 959 1839 adiumento
978 1772 1052 1839 fuit
1081 1794 1160 1839 nam
1180 1772 1284 1839 dolori
1311 1773 1414 1841 subli-

205 1872 354 1938 mitatem
375 1875 416 1938 ct
442 1873 722 1960 magnificentiam
748 1873 936 1961 ingenium,
957 1871 1178 1962 iugenio'vim
1200 1877 1236 1941 et
1255 1875 1413 1943 amaritu-

205 1973 315 2041 dinem
336 1973 429 2040 dolor
449 1975 584 2043 addidit.
614 1975 715 2063 vale.¹
852 2046 856 2051 ,
923 2064 927 2071 .
1426 1994 1451 2037 rs

662 2212 664 2218 ,
762 2144 855 2215 XXI.

426 2345 429 2351 Ι
488 2269 520 2324 o.
537 2268 820 2325 summosano
837 2269 989 2323 cannas
1006 2269 1078 2325 suo
1095 2270 1124 2323 s.

177 2402 193 2465 1
290 2385 431 2453 Tristem
453 2389 488 2453 et
513 2387 674 2461 acerbum,
694 2409 806 2454 casum
825 2384 1050 2485 Helvidiarum
1077 2388 1238 2462 sororum!
1263 2336 1431 2477 'utraque-

128 2496 130 2501 '
172 2503 225 2568 2a
238 2492 346 2577 partu,
368 2488 505 2577 uaeque
519 2490 622 2557 filiam
636 2491 733 2557 enixa
753 2490 902 2558 decessit.
930 2489 1066 2557 adficior
1079 2490 1199 2576 dolore,
1220 2493 1414 2561 uectamen
1439 2500 1443 2505 “

191 2614 303 2684 ‘supra
329 2592 461 2658 modum
488 2592 595 2658 doleo:
626 2593 673 2659 ita
699 2592 781 2659 mihi
802 2593 984 2659 luctuosum
1004 2593 1148 2678 videtur,
1161 2685 1163 2688 Α
1176 2593 1264 2680 quod*
1282 2593 1451 2680 puelluseo

19 2668 25 2679 Ι
82 2690 84 2694 ’
205 2693 449 2762 honestissimas
471 2696 508 2761 in
529 2696 607 2763 flore
621 2696 726 2782 primo
740 2696 923 2762 fecunditas
938 2695 1083 2760 abstulit
1114 2694 1413 2783 angorinfantium

206 2800 303 2883 sorte,
337 2819 420 2885 quae
452 2800 530 2864 suut
560 2799 750 2885 parentibus
772 2798 886 2865 statim
908 2800 942 2863 et
962 2796 1038 2864 (lum
1059 2801 1240 2865 nascuntur
1260 2798 1429 2889 orbatae,¹

174 2915 311 2987 3angor
339 2901 534 2987 optimorum
562 2901 783 2985 maritorum,
798 2921 904 2988 angor
935 2899 1034 2966 etiam
1060 2921 1134 2967 meo
1158 2900 1301 2967 nomine.
1326 2923 1412 2969 -nam

204 3006 331 3089 patrem
358 3002 489 3069 illerum
516 3003 708 3070 defunctum
734 3024 860 3091 quoque
881 3002 1199 3089 perseverantissime
1225 3002 1350 3090 diligo,
1373 3007 1413 3071 ut

204 3106 333 3172 actium
363 3126 437 3172 mea
464 3105 619 3193 librisque
646 3109 802 3172 testatum
828 3108 893 3191 est;
925 3105 977 3171 cui
1009 3126 1100 3172 nunc
1124 3126 1209 3172 nutu
1241 3127 1282 3172 er
1302 3105 1450 3178 tribuse,

203 3207 314 3275 liberis
336 3211 485 3295 superest
506 3209 699 3294 domumque
719 3208 867 3296 pluribus
889 3207 1094 3275 adminiculis
1114 3207 1213 3294 paulo
1234 3211 1313 3275 ante
1334 3209 1412 3277 fun·

165 3304 194 3392 ’4
203 3310 313 3377 datam
335 3311 498 3378 desolatus
517 3312 615 3378 fulcit
635 3332 674 3377 aa
694 3311 845 3378 sustinet.
875 3331 997 3397 magno
1017 3313 1130 3377 tanmn
1149 3311 1295 3378 tomento
1317 3310 1412 3379 dolor

201 3435 293 3481 meus
315 3413 511 3502 adquiescet,
535 3414 564 3480 si
585 3414 673 3480 huuc
693 3411 809 3482 saltem
830 3414 949 3481 fortem
970 3416 1004 3480 et
1017 3413 1212 3481 ineolumem
1231 3434 1411 3502 paremque

272 3711 287 3762 1
305 3704 378 3778 loco]
397 3709 461 3761 uice
478 3710 557 3765 Πς
625 3710 768 3761 ueneraris
785 3710 863 3760 mer
880 3709 1001 3762 thcard.
1020 3723 1158 3761 uenerers
1172 3724 1217 3762 me
1233 3712 1291 3774 prs
1306 3725 1409 3763 uerere

202 3794 246 3831 me
264 3781 287 3829 o
304 3778 440 3830 dilexeris
457 3794 556 3844 meque
573 3779 630 3828 tv
646 3778 781 3829 dilexeris
797 3794 840 3829 me
859 3791 876 3833 ς
893 3792 1061 3829 uenerarere
1084 3793 1257 3849 mequoqne
1276 3778 1410 3832 θωαιιὺο·

202 3864 250 3900 πω
318 3846 523 3913 Ἡαιιᾱατεᾳιιο
542 3846 660 3899 talemr
726 3843 961 3965 41113ωᾶ11181)
1028 3846 1258 3911 deligeres'lv

270 3917 320 3969 XX
350 3918 365 3969 7
395 3916 485 3967 Nonio
514 3915 637 3966 Maximo
665 3928 703 3978 pr
740 3915 832 3967 NOVI
885 3913 1032 3966 MAXIMO
1061 3916 1083 3964 1·
1111 3914 1261 3967 MAXIMO
1290 3915 1407 3966 Ulla:

89 4022 90 4025 κ
201 3985 400 4038 ‘discordiosas
426 3989 453 4034 in
478 3985 563 4035 indice
589 3984 707 4035 Novium
734 3986 825 4034 vocat’
963 3983 980 4032 8
1008 3984 1072 4034 tuis·
1094 3983 1175 4036 libris
1201 3985 1306 4038 [vlle
1325 3983 1407 4035 libris

100 4067 103 4074 ·
201 4056 257 4105 tuis
275 4054 362 4118 Pars
431 4067 594 4118 quemquam
612 4056 665 4114 pr·
735 4050 837 4116 liquid
854 4051 940 4102 oran
1010 4055 1041 4103 11
1061 4050 1152 4119 laude]
1177 4050 1260 4103 lauda
1276 4051 1305 4100 Ι
1374 4055 1406 4104 12

202 4123 231 4174 iu
250 4138 303 4188 quo
322 4123 363 4173 tui
380 4121 488 4187 ingenii
506 4134 521 4169 r
538 4121 663 4187 inquotiri
681 4120 786 4184 ingenii
803 4121 826 4168 V
929 4123 1028 4170 uectus
1050 4136 1081 4172 es
1098 4121 1195 4173 horum
1212 4121 1407 4175 lucrecius

203 4195 247 4243 est
264 4192 360 4242 horum
380 4191 403 4239 V
420 4194 518 4240 uectus
535 4204 565 4240 es
584 4189 725 4241 ethorum
744 4190 827 4250 Fpra
897 4188 929 4237 13
948 4184 1014 4255 luit]
1034 4190 1144 4240 fecitv

269 4259 336 4310 XXI
350 4260 380 4310 17
392 4257 507 4309 VELIO
522 4257 681 4309 CEREALI
699 4258 783 4320 Fara
801 4254 951 4305 cumam
971 4258 1091 4311 lticcord.
1109 4255 1272 4308 cassem
1288 4256 1371 4307 ΠΒ

203 4328 235 4380 18
251 4327 433 4380 heluidiarum
450 4328 569 4382 urica
587 4327 773 4377 hcruidiarnm
791 4326 813 4373 V
836 4323 1070 4390 Heluiduarnmp
1092 4325 1284 4377 heluiarumli
1372 4328 1406 4381 la

201 4463 219 4498 a
236 4464 284 4500 om.
302 4449 326 4498 V
377 4447 464 4499 filiam
482 4461 561 4501 om.r
612 4449 646 4498 20
663 4408 819 4509 luctuoslqm
836 4446 863 4493 Ι
931 4447 964 4495 21
982 4440 1062 4513 flore]
1081 4402 1174 4509 crefft(
1227 4443 1406 4498 fecunditatis

190 4531 271 4583 corr.
291 4519 411 4568 -tasv
513 4518 547 4567 22
565 4515 769 4568 orebataell.
834 4515 869 4565 ‘23
888 4528 976 4579 angor
992 4515 1157 4580 optimorum
1174 4513 1337 4565 meritorum
1354 4531 1405 4571 aar.

200 4586 257 4635 tv
325 4588 359 4638 ‘27
378 4585 462 4653 fulgit
478 4586 534 4635 lv
585 4585 619 4637 28
637 4583 833 4652 adquiescitli
885 4586 915 4635 et
931 4599 979 4635 aas.
998 4583 1055 4633 lv
1105 4597 1254 4651 paremque
1271 4587 1305 4635 at
1320 4580 1366 4636 illi
1381 4586 1405 4635 1>
