2934 4966
363 297 991 369 summasunmna-s.(aros-10⁶)
1239 289 1283 358 95
1373 359 1375 364 ,

70 463 117 531 Μ.
146 462 271 530 'ibrilius
299 484 405 551 augur
423 462 500 529 fuit.
530 461 664 528 laetaris
691 460 795 546 enim,
824 458 909 546 quod
936 459 1114 527 honoribus
1143 460 1213 528 eius
1234 461 1283 527 in·

71 561 201 654 sistam,-
218 589 319 654 quem
340 565 495 634 aemulari
517 566 633 633 studiis
649 566 754 652 cupio.
785 562 843 630 sed
856 563 993 651 utinum,
1014 568 1052 631 ut
1067 565 1312 633 sacerdotiamb
1370 609 1374 615 ι

70 670 176 755 idem,
203 672 243 736 ut
268 670 472 737 consulatum
494 670 597 736 multo
619 669 718 736 etiam
739 667 887 735 iuvenior
914 690 1012 756 quam
1038 669 1093 736 ille
1115 690 1187 736 snm
1209 692 1284 737 con·

30 806 37 817 ·
72 776 214 859 secutus,
236 773 285 840 ita
307 792 406 840 senor
428 773 544 839 saltem
566 773 736 861 ingenium
758 770 828 838 eius
850 772 959 859 aliqua
981 776 1129 859 exparte
1152 773 1283 862 adsequi

21 876 211 964 ‘spossiml
242 876 298 944 scd
320 876 491 963 nimirum
521 898 603 963 quae
624 878 702 942 sunt
723 875 759 942 in
780 897 880 941 manu
902 874 1071 942 hominum
1094 876 1229 942 etmihi
1251 877 1314 943 etii

72 979 186 1046 multis
218 979 445 1067 contigerunt,
478 979 560 1046 illud
592 1001 668 1045 vero
699 982 739 1045 ut
765 977 901 1065 adipisci
929 978 1080 1063 arduum,
1115 978 1163 1044 sic
1185 980 1283 1045 etiam

73 1105 205 1170 sperare
226 1082 365 1159 nimium
387 1087 455 1171 est,
478 1083 563 1170 quod
586 1083 655 1150 dari
669 1104 738 1149 non
759 1083 825 1149 nisi
847 1105 866 1148 a
889 1081 938 1149 dis
959 1084 1077 1171 potest.
1108 1080 1191 1148 vale.

623 1253 734 1322 VIIII.

345 1377 376 1430 c.
395 1377 545 1433 surmus
564 1376 755 1432 consumo
777 1376 875 1430 naso
894 1376 966 1431 suo
985 1378 1014 1431 s.

36 1520 64 1562 ro
165 1495 306 1565 Causam
333 1518 392 1582 per
420 1495 480 1563 hos
507 1496 576 1565 dies
597 1495 681 1562 dixit
701 1494 803 1563 Iulius
825 1494 964 1582 Bassus,
987 1494 1085 1562 homo
1106 1493 1312 1562 laboriosusl
1348 1481 1357 1493 ’

77 1603 113 1666 et
134 1598 280 1666 adversis
301 1599 368 1665 suis
391 1599 508 1665 claras.
541 1602 713 1665 accusatus
735 1601 785 1664 est
806 1600 867 1665 sub
888 1597 1092 1686 Vespasiano
1113 1599 1284 1686 aprivatis

11 1748 21 1784 ·.
75 1702 217 1788 duobus3
247 1702 289 1768 ad
314 1704 465 1769 senatum
491 1702 646 1769 remissus
675 1700 730 1767 diu
756 1702 929 1788 pependit,
957 1702 1092 1768 tandem
1119 1701 1285 1769 absolutus
1393 1758 1399 1764 .

74 1804 341 1893 vindicatusque:
368 1804 480 1871 Titum
496 1805 614 1881 ,timuit
633 1808 672 1871 ut
691 1804 872 1872 Domitiani
894 1804 1033 1897 amicus,
1056 1827 1077 1871 a
1097 1803 1315 1902 Domitiano?

75 1906 242 1995 relegatus
269 1910 338 1974 est:
369 1911 539 1975 revocatus
567 1930 587 1973 a
613 1907 723 1974 Nerva
749 1908 946 1995 sortitusque
972 1906 1164 1994 Bithyniam
1190 1908 1287 1974 rediit

35 2034 63 2077 rs
75 2031 161 2096 reus,
184 2014 355 2077 accusatus
376 2033 445 2078 non
465 2012 575 2078 minus
597 2011 715 2077 acriter
729 2034 826 2098 quam
840 2011 979 2077 fideliter
993 2010 1156 2078 defensus.
1175 2011 1285 2087 ‚uarias
1349 2025 1359 2039 '

77 2114 260 2181 sententias
281 2112 413 2201 habuit,
437 2113 546 2201 plures
567 2117 679 2181 tamen
700 2115 792 2200 quasi
808 2115 962 2181 mitiores.
994 2115 1063 2203 egit
1077 2119 1190 2182 contra
1212 2113 1314 2180 cumb

79 2210 408 2304 Pomponius'Rufus,
432 2217 484 2284 uir
496 2221 630 2305 paratus
645 2221 680 2284 et
692 2217 883 2284 vehemens:
905 2217 993 2284 Rufo
1014 2217 1169 2284 successit
1183 2214 1285 2284 Theo·

77 2318 222 2405 phanes,
254 2341 340 2386 unus
362 2340 402 2389 ex
431 2320 565 2408 legatis,
599 2321 657 2387 fax
684 2322 901 2389 accusationis
929 2325 962 2387 ct
994 2321 1096 2409 origo.
1132 2319 1316 2409 respondi4

78 2444 151 2510 ego.
186 2443 264 2489 nam
292 2423 374 2506 mibi
396 2424 517 2491 Bassus
545 2425 731 2491 iniunxerat
758 2428 796 2490 ut
817 2425 916 2493 totius
945 2424 1144 2491 defensionis
1167 2424 1286 2513 ‘fundas
1320 2410 1322 2418 ’

37 2551 67 2592 so
80 2527 194 2592 menta
214 2525 372 2613 iacerem,
395 2526 535 2594 dicerem
558 2527 597 2592 de
619 2527 821 2594 ornamentis
843 2527 921 2614 suis,
945 2550 1027 2615 quae
1048 2526 1098 2594 illi
1121 2531 1155 2594 et
1176 2550 1216 2594 cx
1231 2548 1286 2615 ge·

76 2626 167 2694 nen's
201 2624 352 2696 claritate
383 2633 418 2695 et
445 2651 485 2694 ex
511 2617 665 2716 periculis
692 2631 773 2717 ipsis
795 2652 918 2718 magna
941 2633 1050 2717 erant,
1085 2630 1226 2697 dicerem
1246 2628 1316 2698 deb

79 2730 321 2818 conspiratione
353 2732 549 2817 delatorum,
577 2756 675 2820 quam
703 2734 739 2799 in
767 2737 903 2820 quaestu
931 2733 1112 2821 habebant,
1146 2735 1286 2807 dicerem

79 2855 195 2902 causas
223 2832 338 2921 qmbus
365 2835 631 2903 factiosissimum
660 2859 833 2924 quemque,
860 2841 899 2903 at
925 2837 1017 2904 iilum
1049 2838 1156 2924 ipsum
1184 2835 1286 2904 Theo·

78 2936 223 3024 phanen,
248 2937 445 3004 offendisset.
476 2938 615 3006 eundem
635 2961 687 3005 me
716 2939 863 3007 voluerat
884 2962 1050 3008 occurrere
1073 2941 1202 3008 arimini
1224 2963 1287 3028 quo

37 3069 65 3110 aa
78 3041 219 3106 maxime
245 3041 463 3127 premebatur.
499 3043 535 3107 in
564 3041 637 3108 aliis
659 3043 746 3109 enim
773 3044 919 3130 quamvis
947 3043 1061 3110 auditu
1082 3043 1286 3131 gravioribus

77 3166 146 3212 non
180 3143 417 3213 absolutionem
448 3145 543 3212 modo
570 3167 683 3210 rerum
711 3148 811 3212 etiam
831 3146 960 3213 laudem
991 3147 1193 3233 merebatur,
1224 3145 1317 3213 hocss

78 3248 173 3314 illum
195 3247 363 3335 onerabat,
387 3248 470 3334 quod
492 3247 590 3315 bomo
612 3249 750 3335 simplex
772 3254 806 3316 et
826 3251 978 3316 incautus
993 3250 1152 3335 quaedam
1172 3273 1193 3316 a
1215 3272 1287 3336 pro

78 3351 274 3420 vinciadibas
295 3355 334 3419 ut
355 3352 477 3419 amicus
492 3354 677 3438 acceperat:
706 3374 785 3418 nam
806 3353 916 3419 fuerat
935 3353 971 3418 in
986 3353 1100 3419 eadem
1120 3353 1288 3440 provincia

147 3667 164 3716 2
184 3664 317 3718 aemulari
335 3664 364 3714 iu
387 3663 487 3716 studiis
504 3667 590 3729 ipra
692 3664 800 3717 eidem
822 3671 854 3717 at
878 3666 1054 3720 consulatum
1073 3669 1196 3723 mss
1212 3668 1285 3720 idem

80 3732 256 3786 consrrlatum
275 3734 297 3782 F
314 3732 383 3784 idem
403 3738 431 3785 et
449 3734 622 3785 consulatum
640 3748 679 3797 pa
756 3731 850 3802 etiam]
871 3737 944 3788 enim
961 3738 984 3785 V
1058 3738 1150 3789 iunior
1166 3749 1203 3793 ις
1271 3741 1287 3788 ῠ

79 3802 184 3869 possim
203 3804 296 3866 rapa
313 3816 421 3868 possem
437 3803 676 3869 livapossumr
727 3802 868 3855 hominum
887 3805 1125 3857 eaetmihiliv
1184 3805 1287 3856 oillud

80 3886 147 3922 uero
164 3870 309 3938 ingenium
328 3871 448 3938 adipisci
465 3877 497 3922 ut
515 3871 662 3923 arduumr
743 3874 834 3939 apisci
851 3875 908 3924 HV
994 3875 1101 3940 'iquod
1120 3874 1180 3926 dari
1197 3875 1252 3924 nisi
1271 3891 1287 3924 a

81 3939 134 3991 diis
152 3956 208 3991 non
226 3943 320 4006 potest
335 3953 372 4002 pr
439 3939 482 3991 dis
499 3941 522 3990 b
540 3940 593 3990 diis
609 3941 715 4000 livre

149 4009 232 4063 v1111
258 4011 274 4060 9
292 4007 481 4060 CORNELIO
505 4026 552 4059 cor.
571 4010 755 4072 nvrnpraz
775 4009 947 4064 ‘Cornelium
964 4013 1065 4064 Ursum
1089 4009 1164 4064 uocat
1179 4011 1286 4063 Biscar-

80 4079 174 4128 dianus
190 4079 218 4128 in
233 4077 329 4128 indiee'
411 4080 444 4128 10
461 4076 549 4128 Iulius
567 4077 672 4128 Bassus
691 4078 787 4129 dixitr
803 4079 900 4132 lunius
918 4081 1024 4133 Bassus
1043 4081 1115 4132 dixit
1132 4082 1287 4146 Pomponius

80 4147 180 4197 Laetor
260 4147 292 4199 12
312 4147 525 4194 asenatuliv
611 4145 780 4210 tandemque
798 4151 841 4199 Fa
929 4153 960 4202 13
974 4150 1188 4214 uindicatusquc
1206 4151 1286 4201 ΗΠ)

79 4215 294 4280 uindicatusque
311 4214 453 4276 estFpra
521 4215 676 4265 Domitiani
696 4218 803 4266 amicus
827 4233 844 4268 a
862 4220 952 4270 cmv
1004 4222 1037 4270 14
1054 4217 1208 4283 bythiniam
1225 4220 1254 4269 Η

78 4281 164 4334 rediit
180 4284 259 4338 Ὴς
278 4281 351 4334 redit
367 4283 479 4345 FDpra
549 4285 581 4334 16
599 4285 682 4349 quasi
698 4300 746 4335 oni.
765 4287 810 4349 Dp
879 4289 912 4337 17
930 4285 1056 4356 paratus]
1076 4289 1183 4353 peritas
1201 4301 1237 4351 pr

79 4350 208 4404 succedit
224 4366 238 4400 r
298 4349 446 4402 theofanos
464 4352 520 4401 IV
608 4354 640 4405 18
660 4354 706 4404 fax
726 4354 899 4406 causationis
916 4357 997 4407 ΜΠ
1018 4357 1138 4410 liiccard.
1155 4369 1192 4412 rs
1210 4359 1286 4422 priu-

50 4477 53 4481 ‚
79 4435 147 4539 oppa
166 4419 414 4540 scirpationipobdp
433 4423 563 4489 princeps
582 4424 630 4542 ἰῧι
648 4423 845 4544 srccupntionip1
850 4439 874 4541 p
961 4421 1219 4544 19θῐίιιῐῐιε]ιιιιιτιΜιιν

78 4504 98 4539 u
128 4505 176 4540 om.
407 4504 575 4544 rcercmo.
791 4535 797 4548 .
899 4508 913 4519 ·
1000 4528 1014 4544 .
1138 4535 1145 4547 .

50 4553 125 4625 ,ᾶε]
144 4562 207 4621 etp
276 4559 310 4609 23
328 4556 511 4624 theophanem
528 4509 573 4611 lind
653 4564 687 4613 24
703 4508 911 4631 ξυέἴὶᾳυοάῗ
976 4563 1012 4614 28
1029 4509 1166 4615 siritii!
1189 4562 1297 4614 sichar·

79 4629 129 4679 dur
198 4627 228 4677 in
248 4626 345 4678 eudem
361 4627 510 4693 prouincia
526 4629 630 4690 mis
648 4633 678 4685 in
697 4633 850 4702 prouincia
868 4631 968 4686 cadom
981 4634 1074 4698 ipra
