2934 4966
43 281 46 285 ·
146 247 209 316 184
446 242 451 248 ’
553 278 555 283 ·
670 234 880 314 nemu

143 441 212 504 me,
235 422 273 485 ut
294 418 459 485 verissime
480 418 615 505 dicitur,
642 406 904 507 potissumum,
926 417 1012 505 quod
1034 416 1175 505 denique
1197 437 1298 505 aeger
1320 402 1367 482 et·
1451 408 1459 499 j

143 525 285 612 maestus
299 543 339 588 ae
359 520 474 589 similis
494 523 623 590 excluso
645 546 666 590 a
687 544 789 590 vacuo
810 523 923 588 limine
937 519 1063 588 remdo.
1096 542 1199 599 unum
1220 521 1354 605 tempus
1445 538 1460 563 ·-

113 622 195 689 this
217 623 387 690 tormentis
410 628 514 710 caret,
537 625 657 712 quoin
678 622 1083 712 foroamicorumlitibus
1105 625 1267 690 conteror.
1299 643 1352 687 ae·
1458 638 1462 643 ·

144 725 242 790 etima
263 729 316 810 tu,
344 748 426 812 quae
447 727 517 792 rita
538 749 610 794 mea
630 727 691 813 sit,
720 726 772 794 cui
793 726 921 815 requies
941 726 980 792 in
1000 725 1134 811 labore-3
1158 725 1197 792 in
1215 724 1352 792 miseria

146 826 295 914 curisque
316 828 482 896 sohcium.
512 828 595 896 vale.
882 846 888 856 ·
1364 844 1379 889 a
1447 854 1452 864 ·

716 998 775 1068 Vl.
822 999 824 1003 ’
868 1068 870 1072 ,

486 1120 518 1179 c.
537 1121 880 1197 enmusuncaruo
890 1121 962 1175 suo
979 1121 1007 1174 s.

115 1243 131 1306 l
227 1236 316 1304 Rara
337 1241 371 1305 et
384 1239 539 1306 notabilis
560 1261 612 1306 res
627 1238 759 1307 Vareno
778 1238 928 1326 contigit,
951 1237 996 1303 sit
1015 1237 1095 1325 licet
1115 1237 1225 1305 adhuc
1238 1236 1352 1304 dubia.

144 1338 279 1424 Bithyni
294 1342 533 1409 accusationem
548 1342 617 1408 eins
636 1346 677 1409 ut
697 1346 820 1409 temere
841 1340 1028 1409 inchoatam
1043 1318 1191 1407 odisiae
1213 1361 1353 1412 narran-
1444 1398 1448 1405 .

144 1445 207 1508 tur.
237 1444 415 1510 nouantur
436 1442 532 1511 dico?
560 1445 653 1511 adest
673 1445 861 1532 provinciae
881 1444 1026 1532 legatus,
1049 1441 1163 1509 attulit
1184 1442 1353 1510 decretum
1366 1467 1391 1510 u

146 1544 275 1611 aoncilii
297 1545 339 1611 ad
361 1544 548 1632 Caesarem,
569 1546 681 1614 attulit
702 1548 744 1614 ad
765 1547 896 1615 multoe
914 1547 1079 1634 principes
1097 1546 1211 1630 siros,
1239 1544 1355 1615 attulit

113 1646 244 1716 tetiam
257 1646 298 1713 ad
310 1669 371 1715 nos
378 1698 389 1734 ,
404 1646 528 1716 Vareni
543 1650 727 1718 advocatos.
754 1652 881 1738 perstat
894 1653 1007 1717 tamen
1019 1649 1108 1716 idem
1121 1646 1178 1715 ille
1191 1646 1355 1736 Magnum

145 1749 226 1836 quin
248 1750 347 1817 etiam
368 1749 563 1837 Nigrinum,
592 1753 752 1839 optimum
773 1742 903 1836 virumj
920 1751 1183 1839 pertinacissime
1209 1756 1352 1821 execat.

147 1853 314 1939 perhanc
340 1875 361 1920 a
383 1854 569 1922 consulibus
591 1855 777 1942 postulabat
801 1854 1011 1941 ntVarenns
1033 1854 1185 1922 exhibere
1205 1855 1354 1932 rationes

118 1959 328 2043 angeretur.
359 1956 569 2025 adsistebam
590 1956 722 2025 Vareno
743 1959 810 2024 iam
831 1960 962 2025 tantum
983 1961 1021 2024 ut
1041 1957 1166 2025 amiam
1187 1951 1222 2052 et
1244 1961 1354 2025 tacere
1367 1981 1391 2023 u

149 2057 363 2126 decreveram.
398 2059 483 2126 nihil
510 2060 598 2127 enim
610 2134 613 2138 ,
626 2063 694 2127 tam
721 2061 937 2146 annuariam,
964 2082 1063 2148 quam
1084 2061 1114 2128 si
1135 2059 1312 2127 advocatae
1334 2083 1354 2128 a
1456 2084 1461 2104 ·

125 2164 266 2228 senatu
287 2162 382 2230 datus
403 2162 610 2230 defenderem
631 2165 796 2249 atreum,
823 2163 876 2230 eui
897 2184 978 2249 opus
1000 2165 1086 2231 esset
1106 2183 1150 2229 ne
1170 2162 1355 2255 mneside
1462 2172 1466 2177 “

116 2266 245 2336 iretur.
284 2286 358 2330 cnm
385 2267 497 2333 tamen
523 2264 619 2333 finita
644 2264 863 2351 postulatione
892 2263 1027 2353 Nigrini
1055 2265 1204 2333 consules
1230 2264 1273 2331 ad
1300 2286 1355 2332 me

10 2364 15 2368 ’
147 2367 258 2434 oculos
279 2367 485 2454 retulissent,
509 2367 645 2436 ‘scietis’
666 2368 801 2455 inquam·
817 2371 981 2435 ‘censure
994 2368 1089 2435 nobis
1111 2367 1355 2435 silentiinoatri

149 2470 328 2555 rationem,
357 2482 545 2538 cum'reros
571 2471 698 2558 legatos
719 2469 907 2556 provinciae
933 2464 1127 2539 audieritis.’
1157 2472 1273 2537 contra
1294 2468 1354 2537 Ni·
1367 2495 1395 2538 n
1454 2533 1457 2537 .

149 2571 264 2659 grinus
279 2573 334 2640 ‘ad
356 2581 452 2660 quem
465 2573 556 2640 missi
571 2571 695 2639 sunti'.
726 2593 788 2660 ego
803 2560 864 2639 ‘ad
884 2594 936 2640 me
951 2593 1094 2660 qnoque3
1116 2571 1223 2639 habeo
1244 2565 1374 2640 decre'
1450 2582 1453 2593 “

106 2677 219 2750 5222
244 2676 455 2761 provinciae!
491 2697 600 2742 rursus
627 2675 683 2741 ille
711 2677 833 2760 ‘potest
858 2674 922 2741 tibi
948 2674 1095 2761 liquere!
1131 2675 1173 2741 ad
1200 2673 1264 2742 hoc
1292 2697 1356 2764 ego

150 2775 191 2843 ‘si
212 2777 274 2844 tibi
289 2800 329 2844 ex
344 2777 470 2844 diverso
491 2776 609 2865 liquet,
631 2779 788 2863 potestat
808 2775 890 2843 mihi
904 2776 989 2864 quod
1004 2779 1055 2842 est
1067 2775 1183 2844 melius
1204 2777 1354 2864 liquere?
1455 2780 1458 2787 ’

118 2881 219 2953 etum
240 2880 368 2968 legatus
383 2880 565 2968 Polyaenus
587 2901 701 2947 causas
723 2879 864 2946 abolitae
886 2877 1105 2947 accusationis
1126 2880 1277 2969 exposuit
1296 2903 1366 2968 po-·

58 2973 62 2980 ’
148 2982 344 3071 etulavitque
365 3007 407 3051 ne
430 2983 611 3071 cognitioni
626 2981 774 3051 Caesaris
795 2981 1030 3068 praeiudicium
1051 2981 1155 3050 fieret.
1185 2983 1357 3071 respondit
1369 3008 1396 3049 rs

149 3085 291 3173 Magnus
312 3086 493 3174 iterumque
507 3085 699 3172 Polyaenus.
729 3085 800 3171 ipse
825 3105 899 3151 raro
921 3086 955 3150 et
974 3083 1118 3151 breviter
1137 3084 1356 3153 interlocutus

120 3197 140 3261 7
149 3187 287 3256 multum
308 3211 360 3257 me
380 3189 471 3256 intra
484 3188 650 3271 silentium
672 3186 775 3254 teum.
805 3187 917 3273 accepi
931 3187 1020 3254 enim
1040 3209 1115 3255 non.
1123 3175 1234 3256 minus
1252 3188 1356 3256 inter·

220 3467 233 3516 1
253 3481 340 3534 aeger
362 3470 391 3518 et
412 3473 536 3518 maestus
552 3465 603 3516 1·
625 3479 723 3531 agerer
746 3468 851 3515 mestus
867 3465 890 3512 lt
913 3479 999 3530 aeger
1022 3468 1112 3517 metus
1134 3481 1151 3530 p
1174 3480 1260 3532 aeger
1280 3470 1358 3518 metu

149 3545 187 3591 rr
203 3549 288 3600 aeger
305 3541 399 3588 mente
417 3535 559 3587 Sictsrdru
627 3536 643 3584 2
662 3528 710 3601 sc]
731 3536 760 3584 et
776 3543 834 3588 res
903 3533 972 3585 cedo
989 3547 1007 3584 s
1091 3535 1157 3587 tin
1173 3534 1234 3586 iore
1252 3535 1358 3588 arnico·

150 3616 209 3654 rum
226 3604 256 3653 Ι
273 3604 303 3656 in
322 3605 382 3657 foro
401 3608 430 3656 et
448 3606 599 3656 amicornm
615 3605 700 3666 nprs
769 3606 914 3653 contereor
930 3603 953 3650 n
1022 3603 1039 3653 5
1056 3602 1189 3657 solatium
1206 3608 1252 3656 est
1267 3616 1287 3654 a

219 3741 259 3794 vl
276 3743 293 3793 8
311 3742 432 3810 contigit
448 3741 557 3794 Vareno
575 3757 593 3791 s
660 3741 677 3790 9
695 3742 844 3790 narrantur
859 3741 1009 3789 acuantur
1021 3737 1086 3790 dico
1104 3739 1186 3792 adest
1203 3741 1273 3796 lae
1290 3755 1358 3792 nar·

91 3817 93 3822 '
151 3812 248 3861 rantur
263 3809 326 3863 dico
345 3812 427 3862 adest
442 3813 508 3874 nps
525 3812 684 3862 narrantur.
701 3806 736 3859 de
755 3823 788 3858 eo
810 3805 891 3858 adest
907 3806 1051 3858 Stellarum
1149 3810 1181 3858 12
1199 3808 1358 3861 &uocatus

151 3877 179 3926 Ι
251 3885 380 3945 praestat
396 3894 437 3943 ps
503 3877 552 3929 ille
569 3877 644 3928 idem
660 3888 697 3932 τς
765 3875 878 3941 Magius
896 3875 1043 3926 Calenam
1111 3877 1145 3929 13
1163 3876 1359 3943 pertinacissi-

112 3996 123 4007 ,
151 3960 259 3997 mama
329 3951 360 4001 17
379 3945 516 4011 atreum]
536 3945 886 4007 etrenmpetrerumii
956 3950 1032 3996 esset
1055 3944 1139 3995 etiam
1158 3960 1192 3995 ne
1210 3945 1253 3994 Dr
1321 3947 1359 3997 20

152 4011 367 4083 cnm]sum1tp
448 4011 621 4083 provinciae]
642 4016 724 4080 prout
740 4014 818 4064 uitae
836 4013 858 4062 u
876 4017 958 4078 prout
974 4013 1003 4063 in
1022 4017 1085 4076 tep
1154 4016 1253 4064 contra
1270 4013 1359 4077 nigri·

152 4097 217 4135 num
234 4098 271 4147 pr
350 4088 381 4136 21
401 4080 524 4150 qnoque]
544 4098 635 4146 camp
721 4077 878 4149 decretum]
898 4081 989 4133 dicere
1008 4086 1066 4132 tum
1083 4083 1111 4131 ni
1197 4083 1230 4132 22
1249 4080 1358 4133 adhoc
1444 4078 1447 4084 ’

153 4164 204 4216 ego
224 4153 248 4203 si
265 4153 317 4205 tibi
334 4172 381 4206 om.
400 4154 428 4201 Ι
496 4155 530 4204 23
548 4147 646 4219 liquet]
665 4150 735 4202 libet
751 4165 767 4214 p
848 4149 920 4216 quod
937 4154 981 4200 est
998 4150 1095 4201 melius
1112 4151 1220 4218 liquere
1239 4155 1296 4200 tum
1314 4149 1357 4201 le-

154 4223 237 4285 gatus
253 4222 305 4271 12
331 4221 404 4288 quod
430 4225 474 4273 est
492 4221 592 4272 melius
610 4236 698 4272 causa
717 4220 845 4286 loquetur
873 4219 1016 4284 legatusr
1042 4218 1113 4286 quod
1141 4223 1185 4270 est
1203 4216 1301 4269 melius
1318 4220 1359 4281 (si

153 4289 214 4340 add.
234 4287 264 4355 ς)
282 4307 370 4343 causa
387 4291 507 4356 liqueret
525 4289 636 4356 legatus
654 4289 781 4355 (legerius
799 4284 833 4352 n)
850 4290 917 4352 lips
943 4288 1015 4354 quod
1039 4293 1084 4342 est
1103 4287 1203 4339 melius
1219 4287 1249 4338 in
1268 4301 1358 4339 causa

156 4356 272 4422 liquere.
292 4368 350 4411 tum
369 4360 479 4426 legatus
497 4358 640 4410 Siclnrdus
691 4360 725 4409 24
742 4356 870 4424 polienus
889 4358 953 4420 lipr
1004 4360 1038 4409 25
1057 4357 1273 4423 cognitionalis
1325 4358 1362 4408 26

153 4422 264 4491 Magius
281 4428 428 4480 θαταπαειιε
496 4428 595 4479 iterum
613 4443 685 4492 quae
702 4428 730 4476 il
746 4425 940 4491 interdumque
957 4429 980 4477 n
1042 4426 1171 4492 polianus
1188 4438 1205 4486 p
1222 4423 1359 4476 Polienus

153 4505 171 4549 ς
239 4497 272 4546 27
290 4512 332 4547 me
349 4498 425 4549 intra
443 4496 585 4548 silentium
603 4496 680 4547 tenni
698 4497 726 4545 Μ
743 4497 818 4547 intra
839 4493 982 4547 silentium
1005 4495 1084 4548 tenui
1106 4495 1199 4558 (tenus
1217 4494 1260 4558 Dp
1278 4495 1359 4546 tenui

148 4576 196 4615 me
212 4561 242 4629 ὅ)
257 4566 346 4632 Dprs
360 4582 405 4620 me
422 4567 452 4620 ia
469 4565 583 4619 silentio
601 4566 679 4618 tenui
697 4581 714 4615 a
