2934 4966
153 270 219 336 320
676 288 710 338 c.
731 289 831 338 rum

153 450 287 526 tumque
308 442 458 527 a'specie
472 441 668 527 mulationis
682 443 769 508 absit
789 402 973 530 gratiarum
985 442 1074 508 actio
1086 464 1177 528 mea,
1200 445 1353 530 qusntum

153 543 247 608 abest
267 566 288 608 a
309 545 516 609 necessitate.

123 649 145 713 2
237 645 398 733 Fqnidem
419 668 486 712 non
509 647 632 712 consuli
653 647 749 713 modo
769 649 826 714 sed
847 649 998 715 omnibus
1020 647 1144 712 civibus
1169 648 1354 714 enitendum

153 769 227 814 reor
247 748 381 835 nequid
402 749 443 813 de
458 750 606 835 principe
625 755 738 816 nostro
757 750 806 815 ita
819 751 950 834 dicant,
971 753 1009 815 ut
1028 749 1117 815 idem
1137 749 1219 815 illud
1233 750 1275 816 de
1296 751 1356 816 alic

153 852 217 916 «lici
239 852 382 936 potuisse
395 852 554 916 videatur.
584 874 685 937 quare
701 852 822 918 abeant
836 865 875 918 ae
896 853 1051 918 moedaut
1071 872 1167 916 voces
1187 851 1267 917 illae
1281 870 1376 939 qussi

153 959 270 1019 metus
286 953 503 1038 exprimebat:
531 953 616 1018 nihil
636 954 733 1040 quale
754 959 833 1020 ante
853 955 1016 1038 dicamus,
1043 952 1128 1018 nihil
1153 953 1244 1018 enim
1265 955 1358 1042 quale

153 1061 253 1121 antea
272 1056 431 1141 patimur:
458 1077 520 1121 nec
540 1055 654 1121 eadem
675 1057 715 1122 de
735 1058 884 1142 principe
905 1078 990 1143 quae
1010 1056 1101 1142 prius
1121 1045 1358 1142 praedicemus,

122 1195 126 1200 ·
153 1180 259 1244 neque
280 1159 369 1223 enim
383 1157 496 1222 eadem
516 1180 599 1244 quae
614 1159 704 1244 prius
717 1164 842 1225 secreto
863 1158 1034 1245 loquimur.
1064 1158 1273 1225 &anatur
1291 1180 1359 1223 ors·

153 1261 298 1325 tionibus
319 1261 441 1325 nostris
469 1261 638 1326 diversitas
659 1265 859 1346 temporum,
887 1266 924 1326 et
943 1284 984 1327 ex
1005 1263 1077 1347 ipso
1098 1283 1219 1348 genere
1238 1261 1360 1348 gratis·

154 1385 227 1428 rum
254 1362 454 1449 agendarum
480 1363 702 1450 intellegatur,
730 1365 797 1448 cui,
824 1365 954 1449 qusndo
975 1365 1044 1429 sint
1064 1369 1167 1429 setae
1199 1382 1393 1449 nusquam»

154 1471 192 1530 ut
212 1466 290 1548 deo,
319 1487 478 1551 nusquam
501 1470 538 1530 ut
559 1468 685 1532 numini
707 1466 929 1538 blandiamur:
958 1467 1135 1532 nonenim
1157 1467 1198 1532 de
1218 1470 1362 1551 mc

155 1568 212 1632 sed
233 1568 274 1632 de
289 1569 374 1651 circ,
394 1589 462 1632 non
476 1568 517 1632 de
538 1567 669 1632 domiuo
689 1568 746 1634 sed
767 1568 959 1654 depasente
979 1568 1149 1655 loquimur.
1182 1591 1287 1633 unum
1307 1566 1363 1632 ille

155 1692 191 1734 se
212 1691 252 1734 ex
274 1669 386 1754 nobis,
409 1673 443 1734 et
463 1669 525 1735 hoc
543 1671 649 1756 magis
671 1670 801 1736 excellit
823 1675 922 1756 atque
936 1673 1075 1753 eminet,
1098 1672 1184 1756 quod
1203 1693 1308 1736 unum
1323 1691 1363 1735 ex

154 1773 249 1838 nobis
276 1776 373 1858 putat
398 1793 461 1837 nec
486 1775 595 1837 minus
621 1771 787 1839 bominem
813 1794 849 1838 se
875 1793 974 1858 quam
999 1772 1186 1838 bominibus
1212 1793 1363 1858 praeesse

154 1876 316 1942 meminit
348 1875 578 1960 intellegamus
593 1896 672 1961 ergo
687 1875 773 1940 bona
793 1880 910 1940 nostra
930 1875 1111 1961 dignosque
1131 1896 1193 1941 nos
1213 1875 1281 1941 illis
1301 1895 1396 1940 usus

154 1979 327 2065 probemus
348 1981 448 2063 atque
468 1977 647 2042 identidem
664 1977 861 2063 cogitemus,
883 1979 912 2042 si
933 1978 1038 2042 maius
1052 1977 1257 2063 principibus
1271 1998 1363 2062 prae·

156 2085 278 2147 stemus
299 2080 506 2166 obsequium,
533 2081 589 2165 qui
610 2080 767 2145 servitute
788 2081 906 2146 civium
927 2101 1025 2166 quam
1046 2081 1102 2166 qui
1123 2079 1277 2162 libertate
1296 2079 1364 2145 lae·

155 2188 280 2249 tantur.
313 2187 348 2248 et
367 2182 507 2268 populus
527 2182 659 2267 quidem
672 2180 840 2248 Βοιιιιιιιιιε
861 2182 1015 2249 dilectum
1036 2181 1220 2268 principum
1242 2185 1363 2265 servat,

155 2291 342 2372 quantoque
354 2286 453 2370 paulo
467 2289 544 2351 ante
559 2289 721 2351 concentu
740 2287 919 2351 formosum
932 2286 1032 2351 ulium
1046 2285 1135 2351 bunc
1147 2285 1364 2351 fortissimum

156 2392 326 2474 pemonat,
348 2388 526 2475 quibusque
540 2386 714 2473 aliquando
736 2387 929 2454 clamoribus
943 2392 1073 2474 gestum
1093 2385 1228 2452 alterius
1250 2391 1284 2453 et
1306 2408 1393 2453 vos

158 2513 229 2559 cem
254 2490 350 2556 buius
376 2491 531 2576 pietatem
558 2490 792 2556 abstinentiam
818 2490 1101 2557 mansuetudinem
1128 2488 1252 2555 laudet.
1284 2489 1364 2587 quid

156 2616 218 2660 nos
238 2593 326 2680 ipsi?
347 2592 552 2659 divinitatem
571 2593 729 2679 principis
742 2594 847 2658 nostri
868 2615 912 2658 an
926 2593 1165 2658 humanitatem
1178 2595 1363 2678 temperan-

157 2697 238 2761 tiam
259 2696 471 2780 facilitatem,
492 2701 530 2761 ut
551 2717 642 2762 amor
663 2700 697 2761 et
718 2696 872 2782 gandium
893 2696 988 2779 tulit,
1009 2696 1153 2761 universi
1173 2697 1363 2781 praedicare

157 2798 321 2866 solemus?
347 2799 414 2864 iam
439 2798 517 2885 quid
538 2803 608 2864 tam
631 2797 741 2880 civile,
769 2802 838 2862 tam
866 2797 1066 2863 senatorium
1088 2819 1184 2884 quum
1206 2797 1289 2862 illud
1310 2797 1362 2861 sd·

158 2903 262 2968 ditum
288 2924 309 2967 a
335 2901 432 2968 nobis
459 2902 574 2988 optimi
596 2898 800 2987 cognomen?
825 2899 911 2984 quod
933 2901 1096 2984 peculiare
1119 2898 1216 2965 buius
1238 2904 1273 2965 et
1293 2918 1391 2985 pros

158 3007 265 3091 prium
280 3005 469 3092 arrogantia
490 3004 634 3089 priorum
654 3002 839 3087 principum
859 3000 949 3066 fecit.
982 3004 1145 3067 enimvero
1159 3025 1259 3088 quam
1281 3023 1361 3067 com·

121 3104 124 3109 ’
159 3130 271 3193 mune,
293 3130 391 3194 quam
406 3130 445 3172 ex
460 3128 563 3192 aequo
577 3107 662 3192 quod
676 3105 788 3170 felices
802 3125 874 3187 nos,
889 3103 1018 3169 felicem
1031 3104 1124 3170 illum
1139 3104 1361 3189 praedicamus

160 3210 358 3296 alternisque
380 3211 463 3276 votis
491 3209 586 3274 ‘haec
607 3208 726 3293 faciat,
755 3206 836 3271 baec
863 3206 1000 3291 audiat',
1032 3207 1126 3293 quasi
1147 3228 1214 3271 non
1237 3205 1361 3290 dicturi,

160 3411 364 3422 —-—-—-—-

228 3562 245 3610 5
261 3555 399 3626 potuisse]
419 3559 535 3625 posset
603 3559 620 3610 6
637 3555 756 3609 dicimus
772 3555 796 3606 A
857 3556 871 3606 l
889 3553 922 3605 de
940 3554 1066 3621 principe
1084 3554 1272 3621 palamque
1290 3555 1360 3621 prius

160 3627 334 3694 Cuspinicmrs
402 3631 418 3679 8
436 3628 532 3679 eadem
551 3644 623 3694 quse
642 3629 719 3693 prius
736 3629 846 3676 secreto
865 3625 1005 3688 loquimur
1021 3626 1064 3673 As
1082 3625 1181 3676 eadem
1199 3628 1311 3675 semro
1327 3621 1360 3672 lo·

162 3698 270 3762 quimus
288 3713 359 3763 quse
379 3699 455 3764 prius
473 3697 516 3751 ss
544 3696 642 3747 eadem
666 3701 774 3746 secreto
797 3708 869 3758 quae
888 3694 965 3758 prius
984 3693 1157 3757 loquimnrel
1261 3695 1294 3743 10
1311 3692 1360 3741 sint

162 3771 225 3816 sate
244 3781 380 3831 nusquam
399 3772 430 3816 ut
447 3765 499 3817 deo
516 3768 540 3815 A
559 3767 664 3830 Lipsius
681 3767 757 3828 episi.
776 3770 873 3828 quaesi.
897 3761 924 3810 V
940 3764 972 3810 15
995 3761 1053 3810 sint
1075 3760 1210 3811 baeterm
1229 3761 1273 3826 qm
1290 3762 1360 3825 (quo-

160 3836 236 3885 niam
253 3837 271 3885 b
288 3851 370 3900 quam
389 3839 416 3900 c)
433 3839 465 3884 ut
483 3835 536 3885 deo
553 3835 594 3883 Bc
611 3836 668 3883 siut
686 3832 822 3882 hactenus
894 3835 925 3879 ut
943 3829 1013 3879 adeo
1030 3831 1124 3878 lacuna
1138 3845 1283 3894 pasturus·
1298 3831 1361 3878 title·

161 3920 249 3954 rmus
259 3913 320 3955 auls
337 3911 369 3954 ut
384 3906 477 3954 relicta
494 3904 512 3951 d
528 3903 588 3952 sint
605 3902 741 3952 hactenus
758 3909 788 3948 ut
806 3899 859 3948 deo
871 3914 944 3948 nunc
961 3911 979 3952 ς
1050 3900 1079 3946 11
1098 3904 1130 3946 ut
1145 3900 1295 3962 posteriore
1311 3901 1360 3947 loco

162 3989 211 4022 ors.
228 3972 260 4037 A,
279 3975 340 4026 cdd.
361 3987 377 4021 ι
452 3974 483 4021 13
502 3988 536 4021 ex
554 3972 634 4021 nobis
651 3971 798 4036 posteriore
816 3971 873 4017 loco
889 3983 938 4017 otu
955 3967 977 4016 A
1064 3968 1097 4016 15
1115 3965 1173 4017 illis
1190 3981 1243 4016 usu
1261 3967 1361 4032 Lipsss

163 4041 238 4092 illics
255 4057 308 4092 usu
324 4040 413 4091 ABcu
501 4042 532 4090 16
551 4041 735 4106 praebeamus
752 4051 767 4086 s
843 4036 997 4101 cogitemus
1015 4049 1097 4099 quam
1115 4036 1152 4085 sit
1170 4035 1323 4099 indignum,
1340 4031 1360 4080 si

165 4110 342 4175 Cuspinicmoe.
362 4119 387 4160 et
405 4113 506 4160 videtur
523 4111 624 4175 aliquid
640 4109 783 4162 eoeciduse,
801 4121 950 4170 quamquam
968 4106 1061 4166 cogito
1078 4103 1102 4153 si
1120 4105 1190 4154 dimit
1208 4103 1308 4152 Plinius
1324 4116 1360 4163 ep.
1383 4112 1387 4122 ’

167 4179 193 4228 V
208 4182 233 4237 8,
253 4183 270 4229 3
375 4180 407 4228 18
426 4178 580 4243 principum
599 4179 730 4228 Liuineius
748 4173 901 4239 principem
919 4173 1014 4222 Anca
1100 4174 1134 4224 20
1152 4171 1309 4236 quibusque
1326 4167 1381 4218 sl-

164 4248 264 4310 quibus
281 4244 324 4298 Ac
392 4244 573 4312 clamoribus]
591 4245 781 4311 praeconiisc
862 4245 894 4291 21
915 4242 1113 4292 abstinentiam
1132 4248 1162 4290 et
1179 4236 1361 4290 mausuetudi-

164 4330 259 4365 uems
328 4316 400 4382 quod
418 4332 468 4367 nos
487 4317 542 4382 ipsi
560 4317 583 4364 A
602 4314 668 4379 quid
686 4329 736 4363 nos
755 4312 877 4376 ipsiusc
947 4313 980 4361 23
998 4309 1123 4361 uniuersi
1140 4309 1307 4375 praedicare
1325 4320 1361 4356 sc·

164 4382 249 4434 temus
267 4385 289 4434 A
308 4386 452 4436 celebrare
471 4385 593 4434 uniuersi
617 4382 737 4433 solemus
754 4380 819 4434 Βᾱς
837 4381 964 4429 uniuersi
985 4378 1117 4430 admirari
1136 4378 1259 4428 solemus
1276 4391 1290 4425 s
1307 4375 1362 4426 uui·

163 4453 236 4501 versi
255 4454 371 4505 colimus
391 4455 540 4505 Duebnerus
609 4454 642 4503 28
660 4452 831 4513 alteriusque
850 4449 870 4497 B
941 4450 1022 4513 qussi
1043 4463 1098 4498 uon
1117 4446 1221 4495 dicturi
1238 4446 1296 4499 eds
1313 4457 1361 4494 uua

164 4522 244 4585 qussi
262 4522 364 4573 dicturi
381 4525 405 4573 A
431 4524 512 4588 quasi
540 4536 592 4571 uos
613 4519 753 4570 dicturis
780 4517 860 4582 quasi
887 4533 942 4568 non
966 4517 1096 4568 audituro
1115 4515 1282 4566 umam
1298 4511 1364 4580 «pur

36 4666 44 4671 .
155 4588 332 4644 scamonium
