2934 4966
534 276 779 330 sssrarmcus
801 275 844 326 ιι.
864 275 908 327 22.
928 274 971 325 aa.
1086 239 1088 243 ’
1296 262 1361 329 335

154 460 252 527 quam
274 436 393 502 mirum
412 434 614 522 laetumque!
642 457 719 501 nam
739 435 864 521 priores
890 432 1002 499 invehi
1029 436 1063 499 et
1088 433 1258 520 importari
1280 434 1363 515 sole·=
1406 425 1410 432 ’

155 544 252 626 bant,
276 560 344 606 non
365 537 438 604 dico
453 537 645 625 quadriiugo
665 561 760 605 curru
781 542 815 603 et
835 536 1020 603 albentibus
1035 537 1140 623 equis,
1164 537 1220 603 sed
1241 539 1361 604 umeris

153 644 337 728 hominum,
366 641 451 728 quod
480 642 686 728 arrogantius
713 646 793 707 erat.
830 645 867 706 tu
900 639 969 706 sola
997 640 1139 726 eorporis
1164 642 1361 728 proceritate

138 738 369 838 'elatior-aliis
395 748 430 810 et
455 744 612 810 excelsior
637 766 704 810 non
725 744 766 810 de
792 745 954 830 patientia
979 747 1094 808 nostra
1115 743 1277 830 quendam
1303 747 1361 812 tri·
1391 833 1392 836 Ἴ

129 831 326 934 sumphirm,
351 847 408 913 sed
422 848 464 914 de
477 847 628 933 superbia
642 848 826 934 principum
838 847 945 934 egisti.
971 867 1049 932 ergo
1064 867 1131 911 non
1147 850 1237 913 aetas
1251 870 1360 934 quem-
1425 855 1429 866 '

153 973 267 1037 quam,
289 973 357 1017 non
379 951 467 1017 valet
452 949 545 1036 tudo,
571 973 639 1016 uon
661 972 756 1020 sexus
777 950 955 1017 retardavit
976 949 1160 1036 quominus
1182 950 1322 1016 oculos
1311 975 1360 1017 ιιι-

150 1053 251 1124 soliio
256 1052 457 1171 ‘spectaculo
472 1052 633 1170 impleret.
663 1056 698 1119 te
712 1053 839 1140 parvuli
859 1073 1012 1137 noscere,
1039 1051 1228 1149 ostentare
1218 1074 1360 1139 iuvenes,

152 1156 266 1224 mirari
288 1177 398 1241 senes,
422 1155 513 1243 aegri
528 1177 653 1243 quoque
675 1155 826 1243 neglecto
845 1155 1076 1222 madentium
1064 1144 1200 1242 impeiio
1222 1154 1262 1220 ad
1286 1177 1362 1221 con-
1408 1171 1411 1176 ·

143 1265 302 1347 spectum
321 1259 371 1324 tui
393 1259 485 1345 qnasi
507 1258 548 1325 sd
576 1258 714 1324 salutem
735 1259 971 1344 sanitatemque
994 1280 1176 1345 prorepere
1207 1258 1283 1324 inde
1305 1259 1361 1324 alii

114 1380 139 1419 ιι
152 1384 188 1428 se
211 1362 293 1428 satis
314 1362 434 1428 vixisse
454 1365 489 1428 te
510 1362 596 1447 viso,
618 1366 653 1429 te
674 1366 819 1448 recepto,
844 1362 900 1428 alii
921 1383 1010 1427 nunc
1032 1361 1137 1446 magis
1161 1382 1230 1447 esse
1251 1361 1360 1453 riven-

125 1501 127 1504 ν
152 1465 230 1531 dum
251 1465 495 1553 praedicabant.
525 1464 784 1533 feminas'ctiam
804 1468 886 1532 tunc
900 1465 1111 1531 fecunditatis
1129 1486 1204 1535 suae
1218 1465 1361 1530 maxima

151 1568 302 1654 voluptas
317 1567 432 1653 subiit,
457 1590 530 1634 cum
549 1571 721 1644 cernerent
741 1567 793 1634 cui
815 1568 955 1655 principi
976 1569 1077 1652 cives,
1100 1569 1151 1633 oui
1172 1567 1360 1653 imperatori

151 1671 273 1738 milites
287 1671 500 1757 peperissent.
530 1671 655 1739 videres
669 1671 790 1750 referta
810 1674 899 1736 tacta
919 1692 957 1737 ac
977 1670 1162 1761 laborantia
1177 1691 1216 1735 ac
1230 1692 1272 1736 ne
1287 1693 1360 1736 eum
1445 1712 1452 1727 ·

152 1774 288 1860 quidem.
310 1775 483 1840 vacantem
508 1773 632 1861 locum,
659 1775 715 1861 qui
734 1796 808 1852 ¹non
834 1772 900 1839 nisi
928 1793 1120 1858 suspensum
1148 1776 1181 1839 et
1206 1771 1360 1839 instabile

112 1893 140 1935 ιι
152 1877 328 1964 vestigium
344 1879 490 1964 caperet,
516 1877 671 1963 oppletas·
686 1877 827 1963 undique
842 1877 912 1942 vias
935 1878 1174 1962 angustumque
1192 1875 1360 1941 tramitem

152 1979 302 2045 relictum
328 1979 388 2045 tibi
399 2029 409 2064 ,
424 2001 427 2007 ·
443 1978 583 2045 alacrem
617 1979 695 2046 hinc
723 1982 819 2066 atque
846 1979 923 2044 inde
950 1978 1105 2064 populum
1112 2028 1137 2063 ‚.
1155 1979 1274 2064 ubique
1301 2000 1361 2063 par

151 2082 308 2168 gaudium
329 2104 503 2169 paremque
526 2081 709 2149 clamorem.
745 2086 813 2147 tam
835 2081 978 2167 aequalis
995 2076 1046 2147 ¹ab
1068 2081 1217 2147 omnibus
1239 2083 1279 2147 er
1298 2081 1360 2153 ,ad-

119 2259 120 2263 ι
151 2188 260 2251 ventu.
279 2188 341 2250 tuo.
368 2184 496 2251 laetitia
527 2187 684 2271 percepta
710 2187 775 2269 est,
810 2205 909 2270 quam
941 2184 1090 2250 omnibus
1119 2184 1250 2271 venisti,
1278 2205 1360 2268 quae

151 2288 296 2354 tamen
285 2309 357 2374 ipsa
373 2310 445 2354 cum
466 2287 618 2376 ingressu
639 2291 696 2355 tuo
718 2285 832 2353 crevit·
842 2308 880 2352 ac
895 2308 996 2373 prope
1017 2288 1053 2352 in
1075 2286 1220 2373 singulos
1240 2285 1359 2373 gradus

113 2391 291 2458 nadaucta
306 2394 373 2469 est
402 2394 533 2478 gratum
554 2394 626 2457 erat
641 2390 766 2467 ιιιιιιιιιι
787 2389 872 2477 quod
887 2393 1034 2484 senatum
1048 2387 1161 2479 osculo
1184 2389 1459 2487 excipereS,23

152 2497 190 2559 ut
211 2493 361 2560 dimissus
382 2494 492 2559 osculo
510 2494 634 2610 iueras,
663 2494 792 2580 gratum
814 2492 898 2578 quod
921 2491 1077 2579 equestris
1099 2470 1222 2559 ordinis
1243 2482 1360 2559 decora

152 2594 274 2662 honore
295 2593 464 2665 nominum
481 2598 563 2682 sine
585 2597 745 2680 monitore
767 2596 932 2682 signares,
959 2599 1091 2683 gratum
1119 2597 1203 2680 quod
1229 2599 1358 2662 tanturn

152 2706 223 2765 ιιοιιΙ
236 2696 321 2765 ultro
344 2698 516 2765 clientibus
537 2676 688 2767 salutatis
710 2699 865 2785 quasdam
890 2699 1125 2765 familiaritatis
1146 2699 1365 2767 ιιιιιιιιιιιιιιιε-ι

152 2823 220 2886 res,
249 2802 374 2888 gratim
395 2805 507 2868 tamen
529 2803 613 2889 quod
637 2802 757 2868 sensim
779 2805 813 2868 et
837 2802 981 2888 placide,
1012 2806 1046 2867 et
1073 2807 1232 2889 quantum
1252 2825 1359 2888 respe-

115 2927 171 2972 rsc
172 2905 314 2971 tantiam
335 2905 432 2971 turba
452 2908 635 2990 pateretur,
662 2905 844 2990 incederes,
868 2906 953 2992 quod
967 2905 1208 2972 occursantium
1222 2904 1359 2991 populus

129 3011 186 3072 te
201 3030 341 3093 quoque,
370 3008 517 3074 te1mmo
531 3011 671 3077 maxime
687 3010 828 3092 artaret,
849 3008 932 3093 quod
947 3009 1052 3095 primo
1067 3008 1179 3074 statim
1201 3008 1252 3101 die
1273 3008 1359 3106 latus

151 3113 245 3176 tuum
274 3112 419 3176 crederes
447 3111 607 3177 omnibus
644 3132 748 3196 neque
776 3111 863 3175 enim
890 3112 990 3197 stipat
990 3135 1027 3176 us
976 3111 1226 3177 isatellitum
1248 3099 1356 3197 manu,

153 3213 209 3279 sed
225 3214 437 3281 circumfusus
452 3215 593 3299 undique
608 3235 697 3280 nunc
711 3215 842 3279 senatus
856 3235 945 3281 nunc
962 3218 1074 3301 equest
1074 3216 1119 3280 ris
1059 3214 1255 3281 tordinis
1270 3213 1358 3298 flore,

151 3303 249 3402 prout
271 3316 464 3383 alterutrum
484 3317 686 3402 frequentiae
708 3337 811 3402 genus
833 3317 1038 3403 invaluisset,
1066 3317 1199 3383 silentes
1221 3317 1359 3404 quietos·
1385 3402 1387 3405 Ι

113 3445 139 3487 ao
152 3440 215 3504 que
236 3419 374 3490 lictores
387 3423 466 3485 tuos
483 3419 734 3505 subsequebare:
756 3440 834 3484 nam
848 3420 968 3487 milites
983 3421 1067 3488 nihil
1090 3443 1109 3517 a
1130 3420 1225 3506 plebe
1243 3420 1358 3487 habitu
1435 3474 1437 3478 ι

222 3767 236 3816 1
255 3781 320 3816 nam
340 3767 448 3833 priores
466 3779 504 3824 ος
521 3783 586 3817 num
606 3766 711 3832 priores
729 3765 800 3814 ssd
875 3764 918 3819 3
941 3767 1013 3834 qnod
1032 3766 1209 3833 arrogantius
1228 3773 1290 3818 erat
1305 3739 1356 3833 pro

148 3838 304 3904 plossemate
321 3835 409 3887 babuit
429 3837 554 3888 Gruterus
623 3839 712 3886 bnon
732 3838 810 3885 aetas
827 3835 873 3892 Ae
895 3852 969 3887 noua
987 3840 1068 3888 actas
1085 3837 1126 3886 Bo
1145 3835 1223 3886 nulla
1242 3840 1322 3886 actas
1340 3837 1357 3885 d

221 3904 430 3970 Scouspectum
449 3909 526 3955 tuum
544 3906 630 3956 codex
646 3904 759 3954 Liuineii
844 3907 1108 3972 recuperaturus
1195 3907 1227 3956 17
1247 3903 1356 3969 equalis

152 3972 188 4022 ab
207 3972 333 4023 omnibus
351 3975 396 4023 Ad
414 3989 487 4040 equs
505 3974 540 4025 ab
560 3972 687 4024 omnibus
706 3972 721 4033 β
746 3986 833 4036 aeque
857 3974 893 4023 ab
918 3975 1076 4026 omnibusb
1100 3973 1227 4040 aequalis
1249 3987 1282 4023 ex
1301 3987 1356 4023 orn-

150 4041 235 4092 nibus
252 4055 266 4091 c
286 4042 445 4108 aequaliter
463 4043 498 4094 ab
518 4042 646 4092 omnibns
663 4044 724 4094 cod.
743 4043 852 4094 Medici.
872 4054 889 4097 ς
977 4043 1038 4094 19
1030 4058 1058 4092 ιι
1076 4058 1123 4097 om.
1141 4043 1173 4104 Δ,
1186 4043 1253 4095 odd.
1271 4055 1288 4090 a

150 4113 184 4160 21
203 4109 310 4162 ordinis
328 4127 374 4164 om.
393 4125 408 4160 o
511 4113 544 4161 22
563 4116 672 4176 gratum
691 4109 775 4180 quod]
796 4113 995 4177 gratamqueb
1082 4079 1190 4160 tantuin
1208 4125 1264 4161 non
1282 4107 1356 4162 ultro

150 4179 258 4244 Lipsius
276 4184 386 4230 tantum
412 4179 486 4231 ultro
508 4181 601 4229 ABcd
626 4186 802 4231 tantumnum
828 4178 901 4230 ultro
926 4181 1072 4230 Coronaeus
1098 4183 1205 4230 tantum
1223 4183 1282 4228 tum
1300 4194 1355 4230 nou

149 4246 224 4300 ultro
242 4249 372 4299 Liuineius
442 4250 475 4299 23
495 4247 644 4299 clientibus
660 4251 727 4299 Διά
745 4248 941 4299 dicentibuss
1022 4249 1056 4298 24
1074 4247 1181 4314 gratius
1199 4251 1229 4298 tu
1248 4246 1321 4312 qnod
1338 4249 1355 4296 b

151 4316 260 4382 gratius
278 4317 350 4384 quod
369 4316 434 4380 ιιιβ
504 4322 533 4367 et
550 4332 603 4384 quo
622 4321 679 4368 tum
698 4325 725 4370 te
744 4317 930 4398 spectantium
948 4319 972 4366 Δ
1058 4318 1092 4367 25
1109 4315 1254 4368 incederes
1271 4315 1355 4365 Bacd
1399 4360 1408 4366 .

148 4385 289 4437 incideres
305 4388 329 4436 Δ
399 4386 606 4437 occursantium
625 4387 682 4450 βοὰ
701 4387 908 4439 accursautium
925 4399 942 4434 ιι
960 4383 1199 4447 accusantiumb,
1219 4400 1288 4435 corr.
1307 4400 1354 4435 sc-

151 4456 364 4506 cursantiumA
433 4456 466 4504 26
485 4456 538 4504 to'
530 4471 613 4506 immo
630 4458 669 4507 bd
687 4457 742 4508 te'
734 4472 788 4507 nnc
809 4455 843 4518 βο
862 4454 918 4504 te
910 4469 937 4504 ιιι
957 4469 1011 4504 uno
1029 4454 1052 4501 Δ
1122 4458 1229 4503 artaret
1242 4453 1355 4503 Belenur

150 4527 260 4575 astaret
277 4525 350 4574 And
367 4524 527 4576 adstareto
595 4526 684 4590 primo
702 4526 797 4579 statim
814 4525 878 4574 sed
895 4525 984 4590 primo
1003 4537 1112 4590 quoque
1135 4523 1156 4572 B
1226 4524 1259 4574 30
1276 4519 1353 4588 nam]

148 4594 206 4643 iam
224 4592 258 4647 Ν.
278 4593 410 4645 Heinsius-
