2934 4966
582 280 617 333 c.
637 280 739 333 rum
758 283 805 332 BT
824 281 975 333 ‘mim

633 521 783 591 xvllss.
804 538 842 602 (ι
862 535 924 601 ιιι)

458 646 492 700 C.
509 646 660 701 Pmlt's
677 646 841 701 rman'o
857 644 1094 700 mecheroul

261 762 383 841 Quinto
409 763 535 830 decimo
560 765 718 831 kalendas
738 765 914 848 Octobroe,
940 763 1088 847 domine,
1108 763 1321 848 prouinciam
1340 765 1390 831 in·

175 866 1390 955 trari‚qnamineoobsequio,ineaergatefidequamdegenere

144 968 318 1037 bhumano
337 971 472 1037 mereris
493 971 616 1037 inveni.
648 971 787 1058 dispice,
808 972 956 1056 domine,
981 992 1027 1037 an
1046 970 1273 1037 nemrium
1290 975 1411 1056 putem

175 1073 306 1139 mittere
326 1072 392 1139 huc
411 1095 606 1140 mensorem.
644 1074 906 1141 videnturenim
925 1097 994 1140 non
1020 1072 1200 1139 mediocres
1225 1073 1388 1159 petimine

175 1198 270 1262 posse
290 1177 436 1243 revocari
457 1199 478 1242 a
498 1177 868 1262 curatoribusoperum,
888 1178 1106 1243 simeusnrae
1124 1175 1387 1263 fideliteragun-

174 1281 240 1345 tur.
272 1279 323 1345 ita
343 1282 432 1345 certe
452 1280 616 1366 prospicio
636 1301 677 1345 ex
697 1280 827 1346 ratione
846 1278 1076 1365 Prusensium,
1100 1300 1201 1365 quun
1221 1301 1301 1345 eum
1320 1300 1386 1344 ms·

174 1381 262 1447 rime
282 1384 400 1448 tracto.
492 1428 498 1437 -
1440 1460 1446 1479 Ι

1440 1506 1447 1551 ι

533 1552 661 1620 xvln.
685 1551 884 1643 [xxvnn]
906 1563 943 1631 (a
959 1564 1021 1631 111)
1394 1587 1416 1628 u
1441 1582 1451 1607 ·

613 1676 800 1731 manus
815 1676 946 1730 mmo
1064 1740 1071 1751 Ι
1442 1696 1449 1709 ·

147 1790 166 1855 1
260 1790 689 1879 Ouperemsinequerella
716 1792 1382 1880 eorpuscuhtuietbrnrumpervenire

174 1894 211 1960 in
231 1892 422 1980 Bithyniam
440 1895 601 1980 potuisses
622 1918 663 1962 ac
689 1896 795 1961 simile
814 1897 877 1962 tibi
896 1897 962 1962 lter
988 1895 1032 1960 ab
1050 1893 1185 1981 Epheso
1206 1890 1270 1984 [ut]
1292 1895 1382 1960 uari·
1440 1890 1445 1921 ³

144 1993 455 2084 2gationifuisset,
483 2004 754 2084 quamexpertus
778 2021 881 2085 usque
906 1998 964 2064 illo
989 2019 1073 2064 eras.
1112 1984 1445 2083 quosutemdie'

175 2100 378 2184 pervenisses
402 2100 440 2166 in
461 2098 653 2186 Bithyniam
680 2101 836 2188 cognovi,
873 2099 1021 2167 Secunde
1048 2099 1231 2184 carissime,
1262 2099 1413 2166 litteriss

58 2236 64 2248 ,
174 2203 253 2270 bris.
284 2202 516 2289 provinciales,
533 2204 640 2290 credo,
655 2207 864 2290 prospectmn
877 2203 942 2268 sibi
963 2223 1050 2268 ame
1063 2201 1271 2288 intellegent.
1303 2224 1382 2269 nam

176 2304 1440 2393 ettudabisoperamutmanifestumsitilliseleebrmteomefflui,

145 2403 217 2472 aad
238 2405 392 2497 eos[dem]
413 2406 480 2472 mei
500 2407 572 2474 loco
592 2409 779 2475 mittereris.
817 2409 963 2474 rationes
989 2410 1100 2474 autem
1124 2407 1162 2474 in
1182 2407 1301 2494 primis
1320 2408 1381 2474 tubi
1433 2496 1436 2501 Ι

66 2575 71 2583 2
174 2530 284 2576 rerum
310 2508 513 2595 publicarum
539 2511 752 2577 excutiendae
777 2514 871 2577 suut:
896 2532 976 2576 nom
1002 2513 1037 2576 et
1063 2531 1135 2576 esse
1165 2532 1223 2576 em
1247 2514 1380 2577 rmus
1432 2526 1436 2579 1

175 2613 256 2681 satis
277 2615 417 2679 constat.
448 2635 614 2680 mensores
634 2616 689 2680 vir
711 2616 810 2680 etiam
834 2614 876 2678 iis
897 2613 1048 2698 operibus
1068 2634 1153 2699 quae
1173 2617 1233 2679 aut
1256 2610 1411 2679 Romaes

176 2715 291 2782 autin
312 2716 459 2800 proximo
479 2715 564 2781 fiunt
584 2716 785 2783 sufficienter
805 2715 922 2781 habeo.
956 2715 1014 2781 sed
1039 2716 1076 2782 in
1102 2716 1193 2781 omni
1212 2716 1380 2802 provincia
1432 2718 1437 2773 l

176 2817 387 2885 inveniuntur
403 2818 520 2903 quibus
542 2819 630 2885 credi
650 2820 769 2905 possit,
792 2822 826 2884 et
846 2817 920 2883 ideo
939 2839 1008 2918 non
1028 2816 1168 2884 deerunt
1185 2817 1267 2903 tihi,
1287 2819 1380 2884 modo

175 2919 257 2987 velis
277 2919 453 3007 diligenter
474 2926 634 2989 excutere.

628 3092 770 3159 xvlm.
795 3088 925 3182 [ΧΠ]

459 3214 491 3267 c.
510 3200 660 3268 eunius
677 3214 840 3268 rnnmuo
857 3214 1090 3268 nffssssnrom
1386 3223 1408 3265 s

150 3331 165 3394 l
261 3330 370 3418 Rogo,
397 3329 544 3417 domine,
573 3333 708 3398 consilio
734 3354 787 3398 me
815 3328 911 3419 regas
932 3331 1165 3416 haesitantem,
1191 3335 1304 3399 utrum
1322 3353 1378 3419 per

177 3432 324 3519 publicos
352 3432 532 3498 civitatium
558 3455 683 3518 servos,
712 3435 797 3520 quod
824 3456 926 3520 usque
952 3435 1058 3500 adhuc
1084 3435 1226 3519 factum,
1252 3458 1298 3502 an
1322 3456 1378 3522 per

176 3535 297 3601 milites
312 3534 482 3601 adservme
497 3538 658 3602 custodias
673 3538 818 3603 debeam.
851 3559 964 3602 vereor
978 3538 1066 3604 enim
1079 3561 1124 3604 ne
1143 3542 1180 3604 et
1198 3561 1261 3624 per
1273 3560 1376 3605 servos

177 3638 325 3725 publicos
352 3660 467 3723 pamm
487 3638 628 3704 fideliter
649 3640 889 3722 custodiantur,
918 3643 951 3705 et
976 3661 1045 3705 non
1066 3641 1221 3727 exiguum
1240 3642 1376 3707 militnm

147 3739 347 3807 2numerum
374 3740 454 3805 haec
483 3763 560 3805 curu
587 3741 775 3828 distringat.
815 3741 946 3806 interim
973 3741 1112 3826 publicis
1139 3745 1240 3809 servis
1261 3760 1404 3830 paucos³⁰
1453 3781 1455 3813 ι

178 3845 298 3910 milites
320 3843 438 3908 addidi.
473 3843 565 3908 video
587 3846 697 3909 tamen
712 3843 890 3929 periculum
913 3865 1040 3908 essene
1061 3845 1094 3910 id
1108 3846 1216 3931 ipsum
1236 3847 1376 3930 utrisque
1437 3920 1440 3927 Ι

178 3945 405 4033 neglegentiae
427 3967 524 4010 causa
545 3946 604 4029 sib,
627 3946 704 4011 dum
727 3968 930 4012 communem
952 3947 1081 4034 culpam
1102 3947 1138 4014 hi
1159 3950 1195 4014 in
1216 3948 1308 4032 illos,
1333 3945 1376 4011 illi

177 4049 214 4117 in
235 4049 294 4115 hos
315 4070 463 4135 regerere
483 4071 577 4133 posse
599 4048 776 4114 confidunt.

181 4174 250 4181 ...ι-.-
255 4174 296 4181 0-—
306 4175 364 4181 -..

247 4240 327 4292 xvu
339 4240 370 4292 B.
390 4240 450 4291 Cum
467 4243 634 4293 antecedente
652 4244 762 4308 epistula
784 4245 920 4294 conirmcm
942 4251 982 4295 eet
1004 4246 1031 4294 in
1048 4261 1066 4294 a
1078 4281 1085 4294 .
1099 4218 1218 4294 ‘uidetur
1238 4258 1307 4294 nonu
1326 4242 1375 4306 epi·

177 4312 257 4361 etola’
277 4308 387 4361 Orelliur
455 4310 470 4358 'l
490 4317 611 4375 agantur
629 4311 758 4362 Gesnerur
826 4313 843 4364 8
861 4328 922 4363 cum
935 4312 1052 4363 maxime
1063 4313 1216 4364 Perizonius
1232 4313 1307 4377 opud
1317 4313 1376 4363 Gor·

178 4381 238 4429 tlwn
257 4394 317 4430 cnm
336 4378 458 4427 Maximo
476 4391 493 4425 a

246 4448 340 4499 XVIII
361 4450 393 4498 13
410 4446 446 4496 ab
466 4445 575 4511 Epheso
594 4449 768 4514 navigationi
788 4448 889 4501 Cortice
908 4449 944 4500 ab
963 4448 1074 4516 Epheso
1093 4448 1120 4500 ei
1138 4448 1315 4514 navigationi
1333 4449 1376 4500 Co·

179 4520 288 4566 iunceus
356 4519 388 4565 21
408 4514 581 4566 sufficientes
599 4516 748 4583 Sebefferur

239 4583 355 4637 XVIIII
372 4585 413 4637 lle
430 4584 567 4637 custodiis
585 4600 603 4635 ι
670 4589 703 4639 33
720 4601 850 4653 regerere
869 4587 1016 4640 Cannaene
1032 4602 1131 4654 regere
1149 4602 1167 4638 a
