2934 4966
576 306 935 362 rumorarcussssr.
1298 297 1363 366 389

150 464 406 554 prosequereris!
429 468 618 551 prosecutus
641 489 676 533 es
698 467 785 533 enirn
807 482 872 533 nec·
883 469 1072 553 temperasti
1093 469 1154 535 tibi
1176 474 1362 557 quominus

153 568 285 635 exeunti
307 568 343 633 in
364 566 461 635 litore
483 568 660 655 amplexus,
684 570 721 636 in
742 570 837 636 litore
859 569 1005 636 osculum
1019 569 1131 639 ferres.
1169 573 1262 640 stetit
1284 573 1361 640 Cae-

152 692 207 736 sar
236 671 272 736 in
301 668 358 736 illa
391 671 554 738 amicitiae
588 672 736 759 specula,
775 673 869 738 stetit
899 676 1113 760 precatusque
1147 680 1197 742 est
1231 677 1362 743 abeunti

126 763 256 860 ,prona
276 775 382 840 maria
405 775 621 862 celeremque,
645 776 673 840 si
695 779 805 842 tamen
828 777 897 861 ipse
919 776 1091 862 voluisset,
1114 798 1280 844 recursum
1302 802 1363 847 uec

130 876 314 943 ssustinuit
342 877 546 944 recedentem
573 900 640 944 non
667 880 767 955 etiam
794 883 891 965 atque
920 879 1019 944 etiam
1048 881 1132 945 votis
1161 883 1195 945 et
1220 879 1363 947 lacrimis

154 980 255 1067 sequi.
292 1003 370 1046 nam
401 981 441 1048 de
462 980 659 1048 liberalitate
687 985 792 1049 taceo.
836 982 952 1069 quibus
981 982 1068 1048 euim
1095 983 1283 1049 muneribus
1310 1007 1362 1050 ac·

153 1084 245 1169 quari
275 1085 356 1150 hacc
378 1107 455 1150 cura
477 1084 652 1171 principis,
681 1084 762 1150 haec
784 1085 945 1172 patientia
971 1089 1096 1171 potest,
1126 1109 1190 1172 qua
1214 1087 1361 1153 meruist'

152 1188 190 1251 ut
211 1186 267 1252 ille
289 1185 350 1279 sibi
373 1187 509 1253 nimium
530 1187 625 1253 fortis
649 1209 687 1253 ac
708 1209 809 1275 prope
830 1187 929 1278 durus
951 1188 1139 1254 videretur?
1166 1209 1229 1254 neo
1251 1188 1363 1255 dubito
1430 1231 1432 1234 .

152 1289 233 1375 quin
255 1288 429 1375 agitaverit
456 1275 567 1356 secdm'
594 1312 636 1355 au
664 1282 887 1377 gubernacula
914 1279 1131 1378 retorqueret,
1160 1293 1194 1357 et
1219 1290 1362 1376 fecisset,

114 1411 140 1451 ιο
154 1392 219 1457 nisi
241 1392 325 1477 quod
347 1413 452 1479 paene
473 1393 545 1479 ipso
568 1394 779 1468 contubernio
801 1394 958 1480 principis
980 1393 1108 1460 felicius
1130 1394 1364 1480 iucundiusquc

152 1497 204 1560 est
225 1494 408 1568 desiderare
436 1495 618 1582 principem
646 1494 894 1569 desiderantem.
933 1500 966 1562 et
994 1497 1049 1563 ille
1078 1497 1208 1584 quidem
1234 1500 1272 1563 ut
1298 1518 1365 1562 ma-

151 1597 240 1665 ximo
268 1597 379 1664 fructu
408 1600 554 1685 suscepti
581 1600 629 1664 ita
657 1601 779 1667 maiore
807 1599 947 1685 depositi
974 1600 1073 1666 officii
1103 1600 1208 1686 gloria
1229 1598 1365 1693 fruitur3

151 1703 190 1766 tu
212 1704 322 1765 autem
342 1700 503 1767 facilitate
524 1704 594 1768 ista.
610 1705 801 1770 consecutus
824 1723 858 1768 es
880 1724 922 1767 ne
946 1725 1040 1788 quem
1063 1703 1204 1768 retinere
1225 1701 1363 1766 videaris

151 1804 301 1869 invitum.
341 1803 434 1868 civile
455 1803 518 1869 hoc
541 1808 615 1871 erat
639 1808 672 1871 et
692 1805 820 1891 parenti
847 1805 978 1890 publico
1007 1803 1359 1890 conuenientissimum,
1371 1813 1411 1878 87

114 1903 239 1971 anihil
273 1925 387 1992 cogere
420 1927 610 1992 semperque
640 1907 827 1973 meminisse
860 1907 982 1973 nullam
1014 1911 1142 1973 tantam
1171 1909 1367 1994 potestatem

154 2007 305 2095 cuiquam
327 2008 398 2073 dari
421 2030 534 2095 posse,
557 2013 676 2075 utnon
698 2010 742 2075 sit
756 2010 882 2096 gratior
902 2015 1064 2096 potestate
1078 2010 1224 2077 libertas.
1249 2010 1366 2096 dignus

154 2132 205 2195 es,
230 2110 366 2196 Caesar,
390 2112 446 2198 qui
469 2112 579 2178 officia
600 2112 738 2178 mandes
758 2112 919 2199 deponere
942 2113 1149 2198 optantibus,
1178 2113 1234 2199 qui
1256 2116 1367 2198 peten-

152 2213 241 2279 tibus
275 2215 482 2280 vacationem
511 2215 634 2280 invitus
662 2215 791 2300 quidem
798 2266 808 2301 ,
843 2215 898 2280 sed
932 2218 1043 2281 tamen
1075 2216 1215 2300 tribuas,
1249 2216 1305 2302 qui
1319 2206 1366 2280 'ab

153 2317 267 2382 amicis
289 2317 459 2383 orantibus
482 2319 625 2404 requiem
648 2328 715 2384 non
737 2317 932 2404 tc'relinqui
954 2321 1065 2404 putes,
1090 2316 1144 2406 qui
1168 2340 1295 2403 semper
1315 2318 1365 2382 in·

112 2419 268 2485 revenias
291 2423 324 2485 et
345 2442 425 2507 quos
448 2443 487 2486 ex
509 2422 576 2487 otio
598 2443 728 2487 revoces
751 2425 783 2486 ct
805 2427 884 2506 quus
906 2423 972 2486 otio
987 2420 1121 2486 reddas.¹
1145 2438 1203 2486 ’uos
1226 2441 1364 2507 quoque,

154 2544 234 2609 quos
257 2545 376 2609 parens
397 2526 510 2589 noster
530 2523 738 2607 familiariter
763 2523 928 2615 inspicere
952 2523 1122 2610 dignatur,
1150 2522 1259 2589 fovete
1284 2521 1363 2588 iudi·

156 2626 242 2690 cium
264 2627 332 2691 eius
354 2626 438 2712 quod
461 2626 500 2690 de
522 2626 613 2691 uobis
640 2626 756 2692 habet:
785 2626 839 2691 hic
861 2617 979 2690 vester
994 2619 1086 2690 labor
1115 2623 1175 2711 est.
1213 2624 1363 2717 princeps

156 2729 259 2812 enim,
285 2751 358 2794 cum
379 2729 415 2794 in
437 2751 503 2794 uno
525 2730 677 2815 probavit
693 2751 802 2794 amare
824 2750 858 2793 sc
874 2729 973 2812 scire,
995 2730 1091 2793 vacat
1106 2728 1224 2813 culpa,
1241 2727 1268 2792 si
1284 2727 1364 2791 alios

153 2831 263 2896 minus
286 2836 384 2897 amat.
423 2833 530 2918 ipsum
551 2833 681 2918 quidem
704 2833 775 2917 quis
798 2831 1002 2896 mediocriter
1024 2829 1157 2921 diligat,
1182 2851 1255 2895 cum
1275 2828 1364 2915 leges

111 2953 140 2994 as
156 2934 288 3010 amandi
309 2955 378 2999 non
399 2933 472 3019 det,
498 2935 561 3005 sed,
577 2934 743 3021 accipiat?
764 2933 818 2999 bic
838 2955 1008 3019 praesens,
1031 2932 1086 2999 ille
1101 2932 1226 2998 mavult
1246 2931 1364 2998 absens

155 3037 273 3102 amari:
295 3040 430 3123 uterque
454 3042 580 3103 ametur
601 3043 638 3104 ut
658 3038 798 3105 mavult:
826 3023 922 3105 nemo
943 3037 979 3102 in
1001 3037 1144 3103 taedium
1166 3035 1362 3123 praesentia,

153 3162 249 3205 nemo
272 3140 307 3205 in
330 3140 526 3206 oblivionem
557 3141 706 3206 absentia
733 3141 838 3206 venit:
866 3143 958 3206 tenet
985 3140 1121 3225 quisque
1141 3138 1248 3204 locum
1267 3146 1380 3223 quem

156 3243 256 3307 semei
279 3243 414 3326 meruit,
436 3243 629 3329 faciliusque
652 3246 701 3307 est
716 3247 752 3307 ut
767 3242 867 3308 oculis
883 3243 951 3308 eius
967 3242 1075 3308 vultus
1091 3240 1245 3324 absentis,
1267 3261 1362 3324 quam

154 3348 191 3409 ut
213 3345 463 3429 animo-,caritas
485 3345 621 3410 excidat,

225 3642 237 3690 1
257 3626 494 3707 prosequeris‘do
563 3643 726 3705 prosecutus
744 3655 773 3690 es
792 3638 866 3690 euim
883 3640 907 3687 It
924 3642 1088 3704 prosecutus
1108 3634 1285 3688 enimsaucs
1302 3649 1363 3702 pro-

157 3712 269 3758 secutus
289 3710 363 3767 enim
384 3724 413 3759 es
433 3709 562 3759 Liuineius
631 3725 684 3759 nec
707 3709 873 3773 temperasti
891 3709 944 3757 tibi
961 3709 1007 3762 Ες
1025 3723 1078 3758 nec
1096 3713 1123 3758 te
1143 3704 1290 3772 imperasti
1310 3703 1364 3753 tibi

154 3776 224 3826 ΔΜ
243 3793 296 3827 nec
314 3778 459 3842 imperasti
477 3777 528 3827 tibi
546 3791 560 3826 c
656 3780 672 3827 ‘2
691 3778 719 3826 in
738 3777 820 3826 litore
841 3775 982 3839 amplexus
1000 3777 1030 3827 in
1048 3776 1129 3826 litore
1149 3773 1274 3826 osculum
1293 3772 1317 3843 lt
1334 3771 1363 3820 in

154 3847 236 3896 litore
255 3845 399 3911 amplexus
418 3847 542 3896 osculum
560 3846 650 3895 ABcd
669 3847 697 3894 in
716 3846 797 3895 litore
822 3844 965 3910 amplexus
990 3850 1019 3894 et
1041 3844 1168 3895 osculum
1187 3844 1220 3893 N.
1239 3842 1364 3892 Heinsius

223 3918 240 3965 3
258 3915 374 3964 auriciae
394 3915 510 3978 specula
529 3915 605 3964 stetit
624 3924 826 3980 praecutusque
846 3918 889 3963 est
907 3913 1021 3963 abeunti
1040 3929 1128 3978 prona
1146 3912 1236 3961 maria
1253 3910 1276 3958 R
1296 3907 1363 3958 ami·

155 3985 241 4032 citiae
261 3983 377 4046 specula
395 3988 582 4047 precatusque
597 3984 686 4032 maria
698 3983 768 4037 ΔΒς
788 3982 930 4031 amicitiae
944 3981 1059 4047 specula
1072 3984 1261 4047 spectansque
1274 3976 1364 4026 maria

154 4053 190 4101 cd
275 4054 291 4102 ὁ
311 4050 399 4116 adque
419 4090 444 4104 ..
463 4053 536 4100 uotis
557 4056 584 4100 ct
603 4050 725 4100 lacrimis
743 4051 766 4099 R
785 4055 870 4114 atque
890 4050 975 4099 etiam
994 4049 1067 4100 uotis
1087 4049 1172 4113 (notis
1188 4048 1221 4108 B)
1238 4044 1363 4095 lacrimis

153 4120 203 4169 ΑΒ
221 4125 305 4185 atque
325 4121 410 4169 etiam
428 4121 503 4168 uotis
522 4118 703 4184 lacrimisque
721 4121 758 4168 cd
826 4117 1012 4170 Suideturlt
1072 4122 1104 4168 10
1126 4116 1182 4167 uisi
1200 4112 1272 4180 quod
1291 4127 1363 4178 pena

153 4190 249 4239 Anisi
267 4187 340 4252 quod
358 4203 429 4239 nene
448 4190 471 4236 a
490 4189 542 4239 uisi
562 4204 614 4253 quo
634 4204 705 4254 pene
723 4188 796 4237 Bcd:
825 4187 878 4236 nisi
901 4202 991 4252 paona
1009 4212 1045 4223 -
1061 4184 1265 4248 iucundiusque
1286 4186 1360 4232 esset

154 4257 180 4308 I.
194 4260 227 4308 A.
247 4258 384 4308 Eruealius
454 4259 484 4306 11
503 4253 677 4325 desiderare]
695 4256 854 4307 desiderari·
872 4255 887 4318 β
940 4254 1057 4305 maximo
1076 4254 1171 4304 fructu
1188 4252 1223 4301 cd
1240 4249 1360 4300 marimo

154 4326 260 4378 fructus
278 4326 326 4377 AB
346 4325 465 4376 maxima
484 4325 625 4376 fructosa
643 4327 764 4376 maxima
782 4325 888 4374 fructus
906 4335 923 4378 ς
1002 4326 1033 4374 13
1053 4327 1220 4374 consecutus
1240 4323 1283 4388 eat
1303 4318 1360 4381 osii

240 4399 271 4447 ‘21
292 4397 387 4446 iouete
405 4395 428 4443 Δ
447 4394 531 4444 Aldus
555 4395 633 4445 fouet
650 4394 752 4445 meu
776 4394 870 4443 ioucte
891 4396 987 4442 sancte
1006 4394 1078 4455 urelpo
1097 4407 1132 4440 em
1151 4389 1263 4440 editione
1282 4386 1362 4437 Bcuti

154 4462 272 4514 liberiani
339 4466 373 4512 ‘23
392 4479 487 4513 ainare
507 4477 536 4512 sc
555 4465 627 4514 scire
644 4463 746 4513 muas
765 4462 854 4511 ausari
872 4476 901 4511 se
921 4462 992 4511 scire
1009 4460 1033 4508 A
1103 4460 1136 4509 ‘26
1149 4463 1264 4522 uterque
1283 4472 1360 4507 arua-

155 4536 200 4579 tur
219 4533 248 4583 G.
269 4532 305 4582 H.
324 4532 482 4592 Scioeseras
551 4533 583 4582 ‘27
602 4532 780 4583 uenitdcod.
801 4530 907 4581 Medici.
927 4528 1128 4582 ueuiatABcs
1197 4525 1359 4592 tenetquis·
1409 4559 1412 4566 -

154 4614 209 4664 que
227 4615 244 4658 ς
260 4605 339 4652 tenet
358 4602 419 4667 quis
429 4601 517 4652 ABcd
530 4605 625 4652 teneat
644 4603 761 4667 quisque
773 4597 808 4649 ,qr
819 4601 845 4650 ia
857 4614 938 4664 ricarp.
979 4598 1013 4650 28
1025 4595 1186 4650 cemelici
1197 4595 1360 4663 semperBs
