2934 4966
326 307 572 360 srrsrunsuuu
589 304 742 363 ιιι-ιιι,
767 290 948 384 [nr-no]
973 302 1180 373 (em-113)
1291 295 1356 363 313

603 550 722 620 extu.
741 551 902 642 [cumr
931 587 937 596 -

589 674 774 730 TRAIANUS
792 675 921 731 emmo

236 791 455 858 Honororium
476 791 704 859 decurionatus
732 795 919 881 omnesqui
947 801 979 861 ln
1001 816 1126 881 quoque
1150 795 1281 862 ciuitate
1304 795 1358 862 Bi·
1386 847 1391 854 .

113 880 117 890 ⁵
150 896 285 982 thynias
307 894 495 960 decuriones
516 894 602 987 fiunt
623 894 744 961 inferre
766 897 908 964 debeam
929 918 1047 981 necue,
1076 905 1107 962 ln
1130 897 1315 964 universnm
1337 923 1359 965 o

123 1014 202 1066 ⁵1ne
224 1019 292 1064 non
313 1000 422 1083 potest
442 997 553 1063 statu.
583 997 617 1063 id
634 1019 721 1085 ergo
744 989 828 1086 qnod
850 1023 977 1086 semper
997 998 1197 1065 tutissimum
1219 1004 1286 1084 est,
1310 1023 1357 1066 ss·

151 1100 313 1187 quendum
335 1100 488 1187 cuiusque
504 1099 647 1172 ciuitatis
668 1100 775 1187 legem
794 1107 889 1189 puto,
913 1103 1038 1171 scilicet
1059 1102 1213 1168 adversus
1235 1106 1359 1195 eosqui

150 1204 248 1284 inviti
274 1203 359 1269 fiunt
372 1202 576 1301 'rosontione
592 1211 601 1271 ’.
619 1253 627 1270 .
645 1255 654 1271 .
670 1204 704 1271 id
732 1205 882 1273 existimo
911 1208 1055 1292 acinos,
1086 1208 1123 1271 ιιι
1149 1205 1172 1285 †
1198 1206 1359 1291 pruefntio

152 1305 269 1374 ceteris
290 1296 504 1392 praeferatur.

612 1479 748 1574 cxnu.
773 1480 900 1572 [oxu]

113 1606 139 1646 ιο
437 1603 467 1654 C.
486 1604 638 1658 PLINIUS
657 1604 819 1658 TRAIANO
838 1605 1069 1660 IMPERATORI

223 1704 343 1808 ¹Lege,
373 1720 518 1806 domine,
546 1719 716 1807 Pompeia,
746 1723 939 1810 permissum
960 1721 1144 1809 Bithynicis
1175 1724 1389 1803 civitatibusl

152 1825 337 1891 adscribere
359 1823 422 1889 sibi
436 1844 516 1909 quos
531 1824 654 1890 veilent
673 1825 776 1908 cives,
800 1825 877 1890 dum
899 1847 941 1892 ne
956 1847 1052 1912 quem
1067 1848 1177 1892 earum
1193 1827 1361 1892 civitatum

153 1949 236 2013 quse
258 1929 336 1991 sunt
361 1926 398 1991 in
420 1924 589 2012 Bithynia.
626 1927 737 1994 eadem
764 1928 838 2015 lege
866 1928 1027 2013 sancitur,
1057 1928 1172 2015 quibus
1195 1929 1234 1996 de
1258 1930 1362 1994 causis

152 2053 171 2096 e
193 2032 309 2096 senatu
330 2050 351 2094 o
374 2029 560 2105 censoribus
582 2029 752 2096 eicientur.
788 2031 864 2097 inde
886 2053 938 2098 me
959 2032 1090 2118 quidam
1113 2054 1152 2098 cx
1176 2033 1392 2110 censoribus2
1431 2100 1433 2104 ,

114 2145 141 2188 1⁵
154 2131 389 2198 consulendum
409 2136 622 2217 putaverunt,
650 2154 694 2208 sn
723 2133 827 2199 eicere
848 2133 1005 2200 deberent
1030 2157 1103 2200 eum
1125 2135 1180 2221 qui
1202 2139 1287 2201 esset
1317 2135 1361 2199 ol-

153 2235 257 2301 terins
279 2233 433 2300 civitatis.
463 2255 542 2321 ego,
573 2234 650 2320 quio
671 2235 723 2301 lex
744 2236 830 2302 sicut
858 2237 998 2303 adscribi
1021 2235 1132 2317 civem'
1146 2236 1287 2319 alienum
1309 2250 1391 2316 ve·3

154 2337 263 2421 tebet,
286 2337 334 2402 ita
356 2336 417 2403 eici
440 2359 458 2402 e
480 2338 660 2404 senatuob
681 2336 767 2404 hunc
783 2360 914 2404 causam
936 2362 1003 2405 non
1024 2340 1172 2424 iubebat,
1195 2343 1363 2428 praetereo

155 2441 239 2527 quod
261 2439 495 2507 adfirmabotnr
515 2439 597 2505 mihi
618 2440 654 2505 in
676 2442 764 2506 omni
791 2441 921 2507 civitate
944 2442 1100 2528 plurimos
1122 2465 1192 2510 esse
1213 2442 1363 2527 buleuius

156 2566 195 2610 ex
218 2543 292 2609 aliis
314 2542 522 2629 civitatibus,
541 2543 750 2628 futurumque
772 2546 809 2608 ub
829 2544 923 2609 mulii
944 2545 1091 2612 homines
1113 2546 1297 2635 multaeque
1320 2545 1363 2611 ci-

116 2662 144 2702 2⁰
156 2648 275 2712 vitotes
298 2646 565 2729 concuterentur,
584 2695 592 2710 .
610 2694 643 2710 ..
668 2665 705 2710 en
735 2667 811 2734 pars
841 2647 923 2734 legis
951 2646 1033 2735 quse
1055 2649 1119 2713 inm
1142 2635 1265 2734 pridsib
1284 2645 1372 2727 'con-⁴

229 2924 322 2989 CXII}
340 2929 355 2976 3
374 2926 403 2976 in
423 2939 531 2991 quoqne
550 2937 582 2975 s:
600 2924 629 2975 in
647 2941 693 2979 om.
712 2925 735 2974 A
803 2926 821 2975 4
838 2927 867 2974 in
885 2925 1048 2977 uniuersum
1062 2927 1207 2978 Coronaeus
1220 2942 1249 2979 s:
1267 2930 1296 2980 in
1314 2945 1362 2981 ora.

156 2997 180 3045 A
261 2990 419 3059 dscilicst]
438 2992 487 3044 sed
506 2994 691 3045 Billersbusius
772 2996 787 3045 7
806 2995 888 3044 inuiti
911 2994 979 3045 fiunt
997 2995 1169 3062 Decuriones
1188 2997 1214 3046 id
1234 2998 1362 3048 existimo

159 3069 271 3116 acturos
288 3069 320 3112 ut
338 3064 479 3129 praefatio
498 3063 618 3112 caeteris
637 3063 813 3128 praeferetur
830 3064 853 3112 A
871 3065 953 3113 inuiti
972 3063 1041 3114 liunt
1058 3065 1286 3117 decurionesz,.id
1302 3068 1361 3117 ‚exi-

159 3135 239 3183 stimo
258 3131 449 3195 (decuriones,
469 3131 598 3181 existimo
616 3131 643 3180 id
661 3128 689 3195 s)
709 3137 835 3182 acturos:
855 3141 885 3181 ut
904 3134 1029 3198 erogatio
1048 3134 1169 3184 caeteris
1189 3136 1363 3198 pruel'erutnr

159 3203 306 3252 Coronaeus
322 3213 340 3248 a
357 3200 438 3249 inviti
458 3199 526 3263 fiunt
544 3199 718 3250 decuriones.
746 3206 855 3250 ceteros
874 3201 1002 3250 existimo
1023 3201 1048 3251 id
1072 3208 1195 3265 uicturos,
1220 3208 1250 3251 nt
1269 3219 1364 3262 orona-

160 3276 199 3320 tio
219 3268 395 3335 praeferatur
414 3270 444 3318 G.
464 3269 501 3320 H.
520 3266 677 3329 Srlroefer'ns
695 3268 780 3318 inviti
798 3267 866 3318 fiunt
889 3269 1064 3330 denirium,
1089 3271 1117 3319 id
1140 3271 1269 3320 existimo
1288 3281 1364 3320 acill-

160 3356 220 3403 ros,
248 3344 278 3387 ut
305 3339 458 3402 praestatio
486 3337 586 3387 ceteris
605 3336 763 3401 proferatur
782 3336 1000 3388 Orelllus·i11uiti
1018 3338 1095 3390 fiunt.
1116 3341 1161 3403 qni
1181 3348 1277 3404 ernosto
1297 3341 1366 3390 liunt

160 3406 327 3457 decuriones
345 3407 387 3455 ite
406 3405 537 3455 existimo
549 3405 685 3470 facturos,
702 3411 736 3472 Διιι
754 3406 878 3474 praefati
896 3405 924 3456 id
937 3410 1038 3457 ceteris
1053 3409 1248 3472 praeferantur
1261 3409 1364 3458 illoram-

159 3491 245 3526 seaus.
263 3474 323 3523 mill
332 3478 410 3539 plura
427 3475 558 3524 excidisse
576 3475 707 3536 videnlur,
728 3490 793 3539 quoe
811 3471 849 3524 ita
864 3473 924 3539 fere
941 3475 1043 3526 reslllui
1057 3475 1178 3540 bossunt.
1199 3473 1366 3526 inviti‘tiuut
1443 3485 1445 3490 ·

159 3543 338 3595 decuriones.
365 3557 412 3594 eos
440 3542 488 3607 qui
514 3554 598 3607 super
624 3539 778 3607 legitimum
805 3557 948 3594 numerum
975 3542 1085 3594 adiecti
1104 3551 1168 3594 sunt
1190 3542 1217 3593 id
1236 3545 1366 3595 existimo

161 3617 284 3673 acturos,
302 3615 334 3661 ιιι
351 3611 443 3678 pretio
462 3611 532 3661 dcto·
546 3611 649 3661 ceteris
667 3610 864 3676 praeferuntur

230 3729 339 3783 cxlm
355 3731 398 3780 De
416 3729 583 3781 Adiectione
602 3731 705 3781 ciuium
725 3730 838 3784 ,Lxx.
856 3732 880 3780 A
950 3733 982 3782 12
999 3731 1089 3783 velint
1104 3733 1126 3782 1.
1141 3734 1173 3784 Α.
1190 3733 1326 3784 Eroeslr'ur

133 3812 137 3817 ·
161 3803 226 3853 dum
238 3815 272 3850 ns
284 3813 364 3864 quem
376 3813 471 3848 eanum
482 3798 629 3849 civitatum
640 3799 750 3850 Orellins
760 3799 823 3849 dum
833 3815 923 3866 nequo
943 3816 1047 3850 merum
1057 3801 1200 3852 ciuitatum
1210 3803 1233 3851 A
1250 3801 1312 3851 dum
1331 3817 1365 3851 ne

161 3872 223 3938 quis
243 3883 337 3920 eorum
361 3868 507 3917 ciuitatum
526 3867 674 3919 Beroaldus
696 3868 833 3919 duntaxat
856 3884 950 3919 earum
975 3870 1120 3921 ciuitatum
1139 3873 1285 3922 Coronaeus
1302 3870 1365 3921 durn

161 3938 289 3990 ciuitatis
308 3951 362 3987 non
381 3937 439 3986 siut
456 3935 583 3998 eliense,
606 3937 655 3987 sed
674 3950 785 3987 sucrum
804 3937 921 4001 quisque
940 3944 1057 3989 matrum
1076 3939 1231 3989 ‘ciuitatium
1249 3953 1267 3988 s

162 4011 195 4060 14
216 4023 231 4058 e
249 4011 349 4056 senutu
367 4018 397 4053 s:
417 4021 432 4055 e
450 4019 497 4055 orn.
514 4004 537 4052 A
608 4021 625 4054 s
643 4005 806 4055 censoribus
818 4004 966 4055 Beroaldus
984 4021 1013 4056 u:
1033 4023 1050 4056 a
1068 4024 1114 4060 om.
1133 4009 1156 4057 A
1218 4006 1365 4065 eiciantur,

160 4079 323 4140 intorques
341 4071 411 4122 nihil
429 4071 464 4123 de
485 4073 547 4124 ciue
567 4073 659 4123 alieno
678 4072 887 4123 conetur.inde
905 4089 922 4122 s
1021 4077 1051 4125 17
1075 4081 1175 4125 renutu
1192 4089 1210 4124 a
1226 4083 1325 4126 senctu
1343 4077 1368 4125 A

231 4148 380 4210 praeterea
398 4141 471 4207 quod
489 4140 683 4191 affirmabatur
701 4141 768 4190 mihi
786 4141 935 4192 Beroaldus
956 4150 1104 4206 praetereo
1123 4144 1223 4208 quibus
1242 4144 1368 4194 sdlirmu·

162 4216 246 4264 betur
264 4211 332 4262 mihi
349 4211 372 4259 A
390 4215 537 4276 praeterea
550 4225 567 4259 s
585 4209 749 4274 quibusdum
768 4208 961 4260 affirmabatur
973 4212 1122 4262 Coronaeus
1134 4218 1281 4278 praeterea
1299 4215 1368 4278 quin

162 4283 198 4332 ub
217 4281 358 4347 aliquibus
377 4277 574 4328 adfirmabatur
591 4277 658 4327 mibi
676 4290 693 4325 s
718 4283 868 4343 praeterea
895 4279 959 4340 quis
982 4279 1017 4329 nb
1036 4280 1072 4331 iis
1091 4281 1283 4331 oltirmchatur
1301 4281 1369 4332 mibi

162 4351 273 4402 Orellius
372 4347 403 4397 18
422 4344 550 4397 buleutas
568 4361 585 4396 s
604 4347 734 4397 buleutas
752 4348 774 4395 A
861 4350 894 4398 20
913 4353 1139 4399 concuterentur:
1159 4365 1193 4399 eu
1212 4364 1276 4415 pure
1295 4350 1368 4416 legis

158 4435 235 4486 -qnse
253 4416 417 4482 iampridem
434 4414 457 4462 A
476 4421 703 4465 concuterentur:
723 4416 748 4464 si
765 4423 947 4467 reuocaretur
965 4432 1000 4466 ea
1017 4433 1082 4481 pers
1101 4417 1188 4481 legis:
1208 4433 1280 4482 qune
1300 4420 1367 4469 inm·

162 4488 268 4554 pridem
288 4486 438 4536 Cnloaoeus
457 4489 672 4535 concuterentur
692 4498 779 4548 euque
793 4499 858 4548 pure
877 4485 949 4548 legis
960 4485 1122 4549 iampridem
1138 4486 1283 4538 Beroaldus
1303 4503 1368 4538 con·

162 4561 326 4607 cuterentur
346 4569 380 4603 eo
398 4557 477 4619 parte
498 4552 570 4617 legis
588 4568 660 4616 qnae
679 4552 842 4616 iampridem
862 4568 879 4601 s
901 4561 1130 4616 concuterentur,
1159 4572 1194 4606 es
1211 4572 1277 4622 pars
1296 4556 1368 4623 legis

162 4640 225 4677 cum
242 4623 408 4690 iampridem
427 4620 541 4674 Orellius
611 4635 749 4672 consensu
767 4623 915 4674 Beroaldus
933 4637 951 4673 ι
968 4624 1121 4674 consensui
1139 4625 1162 4672 A
