2934 4966
533 409 551 447 ⁴
614 331 842 388 Punnrarlo.'
882 343 886 351 '
1224 338 1325 389 xxvn

113 489 337 557 diversitatem
359 492 494 580 originis
517 492 585 558 fieri
607 492 751 578 potuisse
779 496 964 577 apparet-u
900 493 1016 558 tu't
1006 516 1042 559 in
1064 492 1253 559 Florentino
1275 502 1325 561 do

114 593 188 659 dice
216 594 386 680 quaedam
400 597 531 692 integra
559 600 765 664 servarentur
793 617 874 681 quae
902 595 936 660 in
966 596 1081 661 ceteris
1109 599 1217 664 vetere
1248 596 1326 664 vitio

12 783 17 792 .
105 701 270 783 ,corrupta
301 701 406 764 erant.
451 700 541 765 euius
577 700 625 765 rei
658 699 886 765 documentum
920 698 1135 765 certissimum
1166 700 1326 786 praebent

114 799 343 885 supplementa
369 802 558 869 lacunarum
581 825 679 888 supra
700 826 732 889 p.
745 801 808 869 XV
829 801 997 867 adnotata.
1035 801 1152 868 deinde
1165 802 1229 869 huc
1255 825 1326 891 per·

59 901 65 907 ’
114 902 233 994 tinent
246 904 381 971 nomina
402 927 512 972 eorum
535 905 575 972 ad
591 928 669 991 quus
685 904 843 992 epistulae
858 905 952 971 datae
973 906 1060 973 sunt.
1084 905 1139 970 ubi
1162 927 1235 971 cum
1249 906 1326 975 olim

115 1005 181 1071 duo
201 1007 336 1073 nomina
355 1010 486 1099 ¹scripta
514 1011 638 1094 essent,
668 1009 704 1074 in
731 1007 877 1074 Mediceo
904 1010 938 1072 et
964 1005 1127 1073 Vaticano
1157 1007 1266 1074 codice
1294 1013 1327 1075 et

115 1108 229 1193 paucis
244 1108 392 1196 epistulis
407 1111 550 1198 exeeptis
573 1113 672 1178 etiam
694 1113 730 1177 in
745 1110 931 1177 Dresdensi·
943 1132 1044 1176 unum
1065 1110 1224 1197 relictum,
1248 1111 1326 1204 alte·
1439 1139 1444 1146 ·

115 1233 189 1276 rum
210 1212 246 1278 in
267 1213 415 1298 plurimis
431 1215 578 1301 epistulis
600 1215 675 1280 libri
697 1214 794 1301 primi
822 1213 912 1280 tertii
935 1212 1043 1299 quarti
1065 1213 1233 1299 quinties
1255 1212 1326 1307 Flo·
1394 1237 1396 1247 ·

116 1314 248 1381 sentino
275 1319 309 1382 et
330 1315 546 1384 Iticcardiano
573 1318 622 1384 vel
653 1340 691 1384 es
720 1339 786 1384 uno
807 1314 1025 1382 Riccardiano
1053 1308 1325 1384 restitutum'eit:

116 1441 194 1484 nam
216 1418 414 1486 insecundo
438 1421 520 1487 libro
542 1444 585 1487 ne
606 1421 655 1487 illi
676 1420 806 1507 quidem
828 1418 989 1485 defectum
1004 1419 1247 1504 suppleverunt.
1272 1420 1327 1486 sed

117 1524 286 1606 praeterea
307 1523 504 1609 paucissima
526 1547 626 1610 eaque
653 1523 738 1589 levia
764 1527 842 1590 sunt
868 1521 948 1588 vitia
976 1545 1057 1608 quae
1078 1523 1175 1588 unius
1197 1522 1327 1589 Floren-

117 1624 179 1690 tini
201 1625 320 1692 codicis
342 1648 403 1713 ope
425 1630 599 1713 sanantur,
626 1650 659 1713 p.
682 1626 735 1712 49,
759 1628 803 1693 20
831 1648 887 1692 nce
914 1630 1107 1691 inducuntur
1132 1635 1167 1690 D·
1189 1647 1245 1693 nee
1272 1631 1327 1692 du·

117 1740 229 1795 cuntur
242 1739 317 1796 MV
322 1739 357 1795 D.
375 1752 431 1795 nec
453 1737 634 1797 inciduntur
647 1740 692 1795 D:
714 1729 767 1817 54,
782 1730 803 1794 4
820 1735 972 1811 prospicit
991 1738 1020 1794 F
1043 1734 1182 1810 possidet
1202 1731 1332 1799 MVD:

118 1831 210 1916 81,1
231 1839 345 1929 pulmo
363 1843 392 1901 F
408 1841 519 1916 pulum
542 1843 613 1903 MD
636 1831 1001 1917 pulumy.V.115,3
1033 1838 1205 1898 occurrerit
1227 1842 1256 1897 F-
1279 1855 1326 1900 oe·
1388 1889 1392 1895 .

117 1942 218 2001 currit
206 1943 268 2001 tD
292 1948 439 2002 occurret
460 1947 551 2002 MV.
583 1937 654 2015 128,
677 1937 720 2002 23
749 1943 842 2016 ionye
867 1942 1019 2016 turpeque
1040 1944 1070 1999 D
1096 1941 1187 2016 ionye
1207 1942 1329 2053 lateque
1434 1984 1437 1990 ·

118 2046 154 2102 M
176 2042 211 2104 et
232 2036 380 2105 Itiecard.
404 2046 554 2121 Ionyepue
574 2049 615 2104 D
1404 2043 1406 2046 ⁴

204 2244 326 2313 Contra
348 2174 404 2312 ubi
427 2246 467 2311 ad
490 2245 632 2312 llorent'
608 2245 669 2311 tuni
699 2244 819 2311 codicis
846 2244 1040 2330 scripturam
1062 2243 1255 2312 Dresdensis
1278 2269 1328 2312 ac-

119 2347 220 2432 cedit,
245 2347 359 2414 horum
382 2349 576 2415 auctoritate
605 2349 638 2431 in
663 2348 864 2433 corruptelae
892 2349 1106 2434 suspicionem
1130 2348 1328 2414 inducuntur

118 2450 284 2517 Medieeus
307 2453 340 2516 et
354 2451 552 2537 Vaticanus,
576 2452 642 2517 sive
665 2451 875 2538 neglegentia
891 2451 1015 2516 librarii
1038 2451 1104 2517 sire
1120 2449 1328 2536 interpolatio

117 2552 154 2619 in
177 2575 275 2620 causa
296 2552 371 2621 fuit.
395 2557 428 2620 et
448 2553 678 2642 neglegentiae
706 2553 833 2640 quidem
862 2553 1055 2640 gravissima
1084 2551 1230 2640 exempla
1252 2555 1329 2619 sunt

119 2656 256 2722 lacunae
280 2657 469 2723 Florentino
492 2662 525 2722 et
549 2657 725 2722 Dresdensi
747 2656 855 2721 codice
878 2654 1064 2741 suppletae,
1088 2679 1120 2741 p.
1138 2656 1196 2740 92,
1215 2656 1232 2721 7
1257 2661 1327 2722 otti·

118 2765 208 2841 yutis
231 2765 392 2827 Caluisium
414 2771 550 2827 :rostrum
573 2781 635 2824 om.
659 2768 750 2834 MV,
774 2758 847 2824 add.
869 2767 946 2824 VD:
984 2759 1058 2842 107,
1081 2759 1124 2823 22
1144 2766 1328 2825 sanctiorem

119 2884 182 2928 om.
205 2873 294 2943 MV,
320 2863 392 2929 add.
417 2873 496 2930 FD:
521 2863 594 2948 108,
615 2863 659 2927 22
688 2869 738 2928 uei
759 2869 790 2926 in
812 2869 1040 2928 exeusationem
1062 2869 1112 2927 uei
1133 2869 1224 2928 etium
1246 2884 1326 2943 corn·

119 2973 343 3034 rnendutiouem
365 2973 591 3032 umcrrrrdiscro
605 2975 634 3030 D
651 2972 700 3037 uei
721 2973 753 3030 in
776 2972 1002 3031 excusationem
1017 2987 1114 3030 uicum
1130 2971 1241 3031 dinero
1255 2974 1327 3030 MV
1360 3052 1363 3056 λ

119 3076 285 3150 contiyerit
305 3077 381 3136 milri
402 3078 451 3135 arel
471 3075 744 3135 incorrectionem
762 3074 1327 3135 ueletiamcornmendntiouemrrteem

120 3179 224 3239 dicere
250 3183 294 3238 P:
330 3173 472 3257 11tr,‘23
506 3193 605 3252 unyor
632 3179 812 3253 optimorum
840 3177 1020 3236 moritorum
1049 3191 1112 3235 um.
1135 3180 1224 3250 MV,
1255 3169 1326 3235 add.

118 3284 201 3341 VD:
228 3275 299 3354 114,
326 3275 579 3358 lecapenum
601 3281 852 3356 occupatissimus
874 3295 937 3339 om.
961 3283 1050 3352 MV,
1077 3272 1149 3338 add.
1173 3281 1254 3338 FD:
1281 3272 1325 3338 ib.
1352 3313 1354 3316 >
1430 3313 1432 3316 <

121 3379 163 3445 19
177 3385 356 3444 recitantem
371 3400 433 3444 om.
450 3387 540 3457 MV,
565 3375 637 3442 a'dd.
653 3386 728 3442 VD.
752 3376 969 3463 interpolatae
984 3374 1165 3460 scripturae
1181 3375 1328 3462 exempla

119 3484 204 3547 sunt
227 3480 338 3562 haec,
352 3504 397 3566 p
409 3481 463 3565 33,
488 3482 526 3545 17
551 3487 676 3560 exemp
676 3502 716 3544 ur
734 3487 817 3546 ueui
831 3485 949 3560 prioris
971 3488 1047 3543 FD
1063 3485 1224 3560 ccemplur
1246 3485 1329 3544 uitae

113 3590 242 3668 prioris
257 3592 346 3649 MV:
374 3582 426 3660 39,
449 3582 585 3664 5quum
607 3588 856 3647 consuetudinem
877 3587 1034 3662 sequeris?
1062 3586 1167 3646 endem
1191 3588 1276 3647 omrri
1262 3585 1328 3647 ibris
1407 3618 1408 3621 κ

116 3709 201 3770 pono
228 3694 292 3753 FD
324 3707 416 3767 pirum
448 3690 693 3752 cousuetudinem
720 3691 856 3765 sequeris
884 3689 1032 3764 respondi
1057 3690 1164 3749 eudem
1193 3689 1330 3749 orandun

115 3810 201 3873 pono
222 3798 310 3855 MV:
338 3787 392 3871 56,
416 3789 434 3854 'i
464 3795 559 3854 :cruris
586 3794 743 3853 trininitate
770 3797 935 3868 corruptus
961 3795 1026 3850 FD
1054 3793 1149 3850 arturis
1171 3792 1329 3851 uicinitute
1435 3785 1437 3790 ’

118 3899 219 3959 salsus
240 3900 330 3957 MV:
364 3890 416 3971 82,
447 3892 484 3956 11
513 3897 593 3956 lotus
619 3896 750 3956 uccuout
777 3898 840 3954 FD
868 3895 932 3954 illie
960 3893 1088 3954 occrrtut
1108 3876 1197 3960 MV:
1231 3888 1327 3972 87,3

119 4001 174 4064 suit
197 4016 256 4076 yuo
278 4000 467 4059 militauerat
489 4001 551 4058 ΡΙ)
573 3998 626 4058 sut
656 4014 716 4073 quo
743 3998 863 4071 teyntus
884 4001 968 4084 MV.
1009 4013 1104 4077 saepe
1130 3991 1232 4055 'etiam
1255 4011 1328 4055 cum
1446 3998 1448 4002 '

120 4099 246 4165 lacunis
270 4095 462 4162 coniunctae
490 4098 569 4161 sunt
595 4093 879 4180 interpolationes,
907 4118 939 4179 p.
963 4095 1015 4178 54,
1038 4095 1080 4158 22
1108 4106 1180 4159 unte
1206 4103 1328 4175 crypto

114 4207 271 4286 porticum
299 4209 408 4280 nysius
434 4205 523 4264 uiotis
551 4204 713 4264 odoratus.-
750 4209 884 4278 teporem
916 4203 987 4262 solis
1014 4200 1114 4274 intrusi
1146 4218 1329 4279 repercussu

119 4307 368 4388 cryptoporticus
399 4312 508 4381 uuyet,
546 4323 627 4382 yuue
658 4312 691 4365 ut
717 4311 798 4364 tenet
824 4308 917 4365 solem
940 4308 968 4363 F
990 4311 1061 4364 unte
1082 4306 1330 4382 cryptoporticus

120 4419 214 4487 uuyet
236 4426 315 4487 princ
337 4416 369 4469 ut
391 4415 471 4469 terret
483 4412 514 4469 D
531 4417 603 4470 urite
623 4409 882 4486 cryptoporticum
900 4425 976 4466 uren
991 4423 1070 4484 princ
1092 4413 1125 4466 ut
1147 4414 1227 4466 tenet
1239 4410 1328 4466 MV:

123 4510 239 4588 130,8
272 4514 405 4574 induetis
433 4514 544 4586 tistulis
574 4517 714 4589 strepunt
746 4513 810 4572 riui
834 4517 862 4572 F
895 4513 1017 4572 inducti
1041 4518 1182 4586 strepunt
1210 4511 1273 4570 riui
1297 4512 1327 4567 D

121 4618 226 4680 dulces
246 4624 384 4693 strepunt
405 4617 470 4677 riui
488 4620 535 4677 M.
581 4611 659 4676 hinc
685 4610 898 4712 explicandae
931 4611 1009 4674 sunt
1031 4608 1139 4675 variae
1172 4606 1328 4674 librorum
