2934 4966
169 279 236 347 288
577 278 970 346 erumnarum

169 450 383 516 dedicationis
396 450 489 517 nulla
502 453 675 560 reperitm,
697 473 772 518 cum
785 451 891 518 solum
903 450 1099 539 pmegrinae
1112 449 1260 515 ciriht'm
1273 470 1380 536 rapax
1454 530 1457 535 Ι

168 575 238 619 non
257 554 303 618 sit
322 553 537 621 dedicationis
557 578 641 642 quae
661 555 701 622 fit
720 558 834 622 nostro
853 557 936 621 iure.

678 725 863 818 ulmi]

450 848 484 901 (l.
502 849 653 903 ramus
670 849 834 903 TRAIANO
850 848 1084 901 mentiamur

141 968 156 1031 1
252 964 396 1032 Difficile
410 971 478 1050 at,
502 966 648 1052 domine,
662 969 843 1053 exprimere
857 966 982 1051 verbis,
1003 968 1161 1052 quantam
1173 966 1400 1050 pereepefins
1427 950 1451 1043 Ᾰ

168 1068 345 1152 nesam,
373 1069 459 1155 quod
486 1068 622 1135 amni
652 1067 1377 1154 esmemimmpnetirisfiusmfinem
1445 1048 1451 1157 ξ

148 1169 401 1236 asimensium
416 1171 617 1238 Clementem
637 1172 673 1237 in
694 1171 781 1238 hane
796 1171 998 1258 provinciam
1018 1169 1226 1235 manmena.
1256 1191 1299 1235 ex
1318 1169 1376 1235 illo
1446 1160 1450 1225 J

168 1273 256 1337 enim
283 1271 340 1360 [etl
369 1294 556 1338 mensuram
582 1274 733 1340 beneficii
759 1275 809 1339 tui
834 1274 967 1360 penitus
992 1271 1170 1358 intellego,
1203 1293 1279 1337 sum
1305 1280 1376 1337 tam
1445 1312 1460 1383 p

166 1373 299 1460 plenam
319 1374 559 1462 indulgentiam
580 1399 655 1442 cum
681 1382 753 1442 tota
773 1376 869 1442 domo
888 1396 963 1441 mea
982 1374 1150 1460 experiar,
1178 1372 1233 1439 cui
1252 1374 1376 1440 referre

167 1478 309 1563 gratiam
329 1499 443 1562 parem
463 1500 506 1543 ne
527 1478 631 1545 audeo
650 1478 797 1565 quidem,
819 1479 969 1566 quamvis
988 1477 1130 1542 maxime
1148 1477 1284 1563 possim.
1313 1477 1375 1542 its·
1386 1496 1409 1535 s

167 1601 230 1665 que
250 1579 293 1644 ad
313 1583 391 1644 rota
411 1581 567 1668 oonfugio
587 1581 727 1668 deosque
747 1602 863 1668 preoor
882 1584 922 1647 ut
943 1580 986 1646 iis
1006 1601 1091 1666 quae
1109 1580 1148 1647 iu
1166 1601 1221 1646 me
1241 1579 1375 1646 adsidue
1446 1586 1452 1601 '

168 1681 297 1748 eonfers
318 1703 386 1748 non
407 1682 563 1768 indignus
584 1685 761 1750 existimer.
1445 1696 1450 1705 '

672 1853 744 1921 ΕΠ·
769 1852 864 1945 [uu]

449 1976 483 2030 0.
494 1978 644 2031 palmus
661 1977 826 2030 TRAIANO
843 1976 1081 2030 mmmm

251 2093 363 2178 Diem,
385 2093 531 2178 domine,
546 2116 610 2180 qno
624 2096 762 2160 servasti
774 2094 959 2181 imperium,
973 2094 1053 2160 dum
1068 2092 1226 2181 suscipis,
1247 2097 1372 2180 quanta
1382 2113 1405 2155 a

165 2197 300 2262 mereris
320 2195 448 2262 laetitia
470 2196 714 2281 celebravimus,
736 2197 861 2283 preeati
883 2197 960 2263 deos
974 2200 1012 2263 at
1031 2202 1066 2262 te
1080 2197 1195 2284 generi
1215 2196 1371 2282 humano,
1437 2204 1441 2279 ξ

166 2299 257 2365 euius
282 2299 388 2365 tutela
414 2303 448 2363 et
469 2300 625 2364 accurres
652 2299 751 2364 salufi
771 2303 849 2365 one
867 2299 979 2366 innisa
999 2304 1066 2385 at,
1090 2300 1290 2366 inermem
1315 2299 1372 2366 fla
1435 2288 1442 2387 ξ

165 2405 354 2489 renumque
365 2405 581 2487 praestarent
603 2401 1128 2488 praeirimusetoommilitonibus
1137 2402 1188 2468 ius
1196 2403 1371 2468 imandum
1435 2390 1440 2453 l

165 2526 255 2570 more
276 2503 442 2589 sollemni,
465 2503 578 2570 eadem
591 2504 845 2589 provincialibus
867 2508 1014 2571 oertaute
1029 2505 1154 2592 pietate
1174 2504 1369 2571 imantibus

650 2675 738 2741 aru.
760 2674 877 2763 [nm]
1378 2700 1403 2744 η

599 2798 785 2851 Tamus
806 2799 935 2852 Panno

250 2914 380 2992 Quanta
393 2915 552 3002 religione
573 2919 607 2980 et-
628 2915 755 2981 laetitia
769 2916 1005 2982 commilitones
1026 2938 1101 2983 cum
1114 2916 1368 3002 provincialibus

165 3020 199 3084 te
225 3022 402 3105 praeeunte
428 3017 515 3083 diem
542 3018 671 3103 imperii
697 3019 762 3083 mei
790 3018 1040 3104 celebraverint,
1065 3018 1224 3105 libenter,
1245 3021 1294 3086 mi
1315 3018 1368 3086 Se

165 3120 271 3187 eunde
293 3120 474 3225 carissime,
498 3121 636 3206 cognovi
656 3121 775 3186 litteris
795 3122 872 3188 tuis.

636 3291 742 3357 nrm.
766 3271 916 3379 [arni
1376 3316 1398 3358 e

444 3413 476 3466 0.
498 3413 650 3467 PLINIUS
667 3415 831 3468 TRAIANO
847 3415 1081 3469 IMPERATORI

5 3596 9 3607 ,
137 3538 153 3600 1
250 3530 411 3597 Pecuniae
439 3530 604 3616 publicae,
633 3530 776 3616 dominc,
805 3531 1011 3618 providentia
1042 3536 1105 3631 tua¹
1127 3535 1162 3598 et
1185 3530 1366 3597 ministerio
1442 3522 1446 3529 ’

163 3637 275 3699 nostro
297 3637 330 3699 et
351 3635 417 3700 iam
431 3637 565 3700 exactae
586 3637 664 3699 sunl
685 3637 719 3699 et
738 3634 929 3721 exiguntru3
950 3657 1033 3721 quae
1046 3656 1161 3700 vereor
1180 3656 1224 3701 ne
1244 3634 1365 3699 otiosae

165 3775 368 3784 -------.

231 3844 271 3894 LI
289 3844 402 3895 Gratias
421 3845 531 3910 agentIs
550 3843 695 3894 ‚xxxlh
712 3844 736 3893 A
752 3844 819 3910 Agit
838 3845 946 3909 gratias
965 3860 982 3893 a
1060 3845 1078 3894 0
1096 3840 1216 3894 adfinem
1235 3841 1296 3892 eins
1314 3839 1364 3890 Be·

161 3914 269 3964 roaldus
287 3912 323 3962 ad
341 3912 422 3962 linem
441 3914 501 3962 eius
519 3913 543 3961 A
560 3913 596 3962 ad
615 3913 697 3961 finem
714 3913 878 3963 consulatus
895 3913 1043 3963 Calamus
1122 3914 1139 3962 'l
1157 3910 1276 3962 coelium
1293 3909 1363 3960 elae-

162 3986 284 4031 mentem
301 3982 324 4028 A
343 3980 468 4031 Coelium
487 3980 659 4032 Clementem
677 3995 694 4029 a
788 3983 805 4032 8
823 3986 918 4034 etone.
937 3996 954 4031 a
1041 3982 1074 4032 10
1091 3995 1127 4031 ue
1146 3979 1236 4031 audeo
1254 3977 1363 4044 quidem

161 4048 188 4099 Ι.
204 4051 235 4099 F.
256 4050 398 4101 &orosius
415 4065 467 4100 neo
487 4050 576 4101 audeo
594 4049 704 4115 quidem
720 4050 744 4099 A
825 4050 952 4115 quamuis
969 4049 1091 4100 Maximo
1108 4063 1221 4115 possum
1238 4063 1257 4098 a
1274 4061 1363 4112 quam·

162 4118 206 4168 uis
225 4119 343 4168 maxime
363 4118 479 4169 debeam
500 4118 644 4169 &maneus
1392 4118 1396 4125 '

230 4188 283 4238 Lll
302 4186 346 4237 Ob
363 4187 436 4237 diem
455 4188 564 4251 imperii
582 4187 737 4239 .xxxl11.
756 4187 780 4235 A
877 4188 909 4236 16
928 4190 956 4236 te
974 4202 1023 4238 on.
1039 4202 1058 4235 a
1128 4187 1160 4236 l't
1178 4184 1273 4235 innisa
1289 4198 1307 4233 ι
1323 4183 1361 4231 in·
1385 4194 1389 4199 ·

162 4254 226 4304 nixa
244 4256 393 4307 Beroaldus
411 4256 534 4304 immissa
551 4258 575 4306 A
679 4258 710 4307 18
728 4255 878 4320 praeiimus
895 4269 912 4303 a
934 4254 1113 4320 praebuimus
1130 4255 1155 4303 A
1242 4253 1274 4303 10
1291 4264 1361 4301 mors

161 4322 269 4373 solenni
288 4325 496 4391 praestantibus
515 4329 543 4373 et
561 4325 793 4390 prouincialibus,
812 4324 862 4387 qui
873 4323 968 4373 eadem
982 4328 1128 4374 certarunt
1138 4322 1256 4388 pietate,
1274 4320 1361 4370 iuran-

162 4392 237 4442 tibus
254 4408 272 4443 a
340 4398 466 4444 certante
486 4393 657 4444 Mommsenus
675 4398 785 4443 certant
801 4392 824 4441 A
842 4394 971 4443 certatim
990 4392 1153 4443 Beroaldus:
1170 4391 1208 4455 cs.
1226 4405 1269 4456 ep.
1283 4392 1331 4440 100
1420 4394 1425 4459 ξ

229 4461 298 4512 Llll
315 4464 349 4512 22
367 4459 407 4526 et]
427 4476 461 4511 ao
480 4476 497 4510 a
565 4465 598 4512 ‘tt
617 4464 736 4528 cognoui
754 4475 771 4509 a
789 4461 891 4526 agnoui
908 4462 931 4511 A

1419 4464 1424 4495 l

228 4529 313 4583 mm
329 4532 373 4582 oe
391 4531 512 4597 pecunia
531 4531 633 4582 fenoris
653 4529 823 4582 ,xxxinn
840 4531 864 4579 s
881 4531 925 4580 ne
944 4530 1065 4596 pecunia
1083 4527 1211 4579 foeneris
1228 4542 1246 4578 a
1328 4525 1358 4577 ss
1419 4504 1425 4579 l

64 4636 99 4664 a.
146 4596 261 4651 otiosae
279 4615 297 4650 a
314 4602 451 4654 ocioseA
1265 4634 1272 4644 .
