2934 4966
174 282 239 349 392
381 264 383 269 ’
519 235 522 239 ,
699 291 853 343 cerm

174 476 248 541 spes
270 449 504 537 gaudiumque,
526 449 574 514 ita
595 451 676 514 tunc
698 448 878 515 communis
899 449 993 515 nobis
1008 448 1100 515 dolor
1120 453 1154 515 et
1167 455 1278 516 metus
1299 451 1378 515 erat

174 555 333 622 habuerat
354 551 442 622 huuc
469 553 624 619 honorem
650 551 804 638 periculis
831 554 952 619 nostris
979 552 1072 619 dirus
1093 550 1219 637 Nerva,
1248 556 1289 620 ut
1309 574 1380 637 uos,
1413 574 1416 578 ⁴

175 658 235 724 elsi
268 656 376 721 minus
406 658 443 720 ut
478 655 596 739 bonos,
628 676 815 740 promovere
845 655 958 740 vellet,
997 655 1073 742 quia
1105 657 1225 724 mutati
1260 655 1381 722 saeculi

176 763 307 846 signum
329 761 363 823 et
384 757 446 823 hoc
467 751 568 841 esset,
598 757 682 844 quod
704 757 859 823 florerent
880 771 1015 844 quorum
1037 758 1249 843 praecipuum
1271 763 1381 824 votum

122 865 160 929 91
174 867 251 928 ante
272 862 380 926 fuerat
408 864 447 925 ut
467 859 639 926 memoriae
666 858 823 945 principis
852 859 1070 927 elaberentur.
1114 860 1262 926 nondum
1289 860 1403 927 bien-a

173 967 263 1032 nium
291 963 564 1050 compleveramus
585 962 621 1027 in
648 961 756 1027 officio
776 953 1029 1028 laboriosissimo
1058 965 1092 1029 et
1118 963 1279 1047 maximo,
1310 986 1382 1030 cum

172 1073 209 1135 tu
224 1068 333 1151 nobie,
357 1066 479 1152 optime
492 1065 695 1151 principum,
717 1065 894 1131 fortissime
906 1064 1151 1151 imperatorum,
1174 1065 1382 1132 consulatum

173 1170 340 1254 obtulisti,
368 1172 405 1234 ut
431 1167 473 1232 ad
500 1189 661 1232 summum
682 1168 838 1234 honorem
867 1168 973 1255 gloria
1002 1168 1177 1235 celeritatis
1198 1169 1382 1235 accederet.

172 1278 303 1340 tantmn
329 1273 417 1336 inter
442 1273 480 1336 te
502 1273 537 1334 et
563 1269 637 1335 illos
663 1271 828 1356 principes
849 1271 1004 1356 interest,
1037 1272 1093 1358 qni
1118 1271 1290 1338 beneficiis
1317 1271 1382 1338 suis

174 1373 486 1442 commendationem
516 1394 556 1437 ex
584 1372 778 1439 difficultate
806 1373 984 1460 captabant
1010 1373 1235 1461 gratioresque
1261 1375 1411 1460 accipi-rr

173 1479 302 1545 entibus
324 1476 463 1542 honores
484 1474 744 1561 arbitrabantur,
773 1478 802 1542 si
830 1477 921 1563 prius
948 1476 1022 1543 illos
1044 1477 1229 1564 desperatio
1256 1479 1294 1543 et
1316 1479 1381 1542 tae

174 1582 262 1647 dium
283 1584 317 1646 et
338 1577 454 1645 similis
475 1576 624 1663 repulsae
651 1599 743 1645 mora
768 1579 805 1645 in
830 1583 944 1646 notam
970 1578 1135 1666 quandam
1161 1580 1382 1669 pudoremque

175 1683 362 1751 vertissent.
410 1681 520 1748 obstat
552 1682 747 1747 verecundia
783 1702 847 1768 quo
879 1683 987 1748 minus
1018 1684 1288 1768 percenseamus,
1322 1690 1382 1769 q'uo

174 1777 345 1871 utrumque
372 1787 520 1850 nostrum
547 1783 734 1850 testimonio
762 1785 906 1868 ornaris,
937 1787 976 1849 ut
992 1806 1112 1851 amore
1138 1785 1238 1868 recti,
1263 1802 1407 1875 ‘aurore‘¹

177 1891 222 1956 rei
250 1887 399 1974 publicae
426 1887 544 1972 priscis
571 1886 635 1951 illis
664 1879 849 1953 oonsulibus
876 1888 1077 1974 aequaveris.
1118 1888 1238 1955 merito
1265 1910 1381 1972 necue,
1394 1916 1421 1958 a·

173 1994 322 2057 neutram
343 1989 380 2054 in
402 1992 528 2074 partem
550 1988 723 2055 decernere
745 1989 935 2074 audeamus,
958 1991 1035 2076 quia
1055 2011 1118 2056 nec
1137 1989 1191 2056 fas
1213 1991 1384 2084 estadfir·

174 2091 310 2160 mationi
332 2096 408 2158 tuae
429 2091 585 2178 derogare
608 2094 642 2157 et
663 2113 834 2158 onerosum
863 2092 1011 2159 confiteri
1037 2114 1115 2159 vera
1143 2115 1214 2160 esse
1235 2088 1326 2181 quae
1347 2093 1384 2161 de

173 2196 283 2281 nobis,
310 2195 503 2281 praesertim
532 2197 601 2260 tam
629 2194 805 2282 magnifica
812 2245 822 2279 ,
850 2195 973 2261 dixisti.
1010 2198 1048 2261 tu
1068 2200 1181 2263 tamen
1204 2196 1330 2284 dignus
1350 2221 1383 2264 es

174 2300 230 2386 qui
252 2321 306 2364 eos
329 2297 485 2364 consules
498 2296 616 2382 facias,
638 2297 678 2363 de
700 2297 816 2384 quibus
830 2299 894 2364 ista
909 2299 1013 2384 possis
1027 2300 1227 2384 praedicare.
1258 2301 1384 2368 tribuas

174 2401 318 2485 reniam,
352 2399 438 2486 quod
469 2399 556 2464 inter
584 2399 664 2465 haec
686 2400 845 2466 beneficia
872 2405 930 2465 tua
958 2401 1183 2486 gratissimum
1210 2406 1265 2468 est
1291 2403 1421 2484 nobiss‘,

177 2503 262 2592 quod
284 2525 344 2570 nos
366 2524 478 2568 rursus
501 2503 642 2590 collegas
670 2524 739 2569 esse
761 2503 901 2570 voluisti.
949 2505 998 2569 ito
1025 2504 1143 2571 caritas
1169 2508 1305 2592 mutua,
1338 2506 1384 2572 ita

176 2627 359 2693 congruens
381 2608 477 2671 tenor
498 2606 604 2690 ritae,
627 2607 674 2671 ita
695 2629 762 2672 una
784 2607 958 2693 eademque
985 2609 1070 2674 ratio
1091 2608 1254 2694 propositi
1277 2612 1383 2696 postu·

176 2710 224 2773 lat
232 2759 241 2792 ,
264 2709 356 2774 cuius
371 2731 410 2774 ea
424 2707 489 2792 ris,
506 2712 544 2773 ut
557 2730 684 2774 morum
700 2708 876 2776 similitudo
892 2711 1081 2777 concordiae
1096 2713 1229 2777 nostrae
1245 2712 1383 2800 gloriam

176 2812 304 2877 minuat
326 2834 364 2878 ac
386 2811 520 2897 perinde
542 2813 586 2878 sit
607 2813 740 2896 mirum,
764 2814 793 2878 si
815 2813 898 2878 alter
919 2818 1067 2879 nostrum
1089 2836 1109 2879 a
1131 2813 1273 2902 collega,
1297 2838 1337 2880 ac
1357 2815 1391 2907 si¹
1418 2893 1421 2897 Ι

175 2936 195 2978 a
217 2914 344 2999 seipse
367 2914 548 2979 dissentiat.
585 2936 653 2980 non
675 2936 753 3002 ergo
767 2916 997 3000 temporarium
1020 2921 1054 2982 et
1067 2915 1210 2983 subitum
1233 2922 1288 2984 est
1301 2919 1413 3006 quode

174 3018 310 3102 uterque
345 3015 488 3102 collegae
523 3016 692 3082 consulatu
723 3020 890 3103 tamquam
923 3021 1041 3084 iterum
1063 3041 1121 3086 suo
1143 3021 1289 3108 gaudet;
1321 3021 1384 3088 nisi

31 3167 33 3171 ,
111 3200 113 3205 s
174 3119 259 3205 quod
280 3122 391 3185 tumen
414 3120 469 3206 qui
490 3141 600 3185 rursus
623 3120 771 3186 eonsules
792 3120 877 3186 fiunt
903 3121 954 3186 bis
977 3122 1122 3207 quidem,
1150 3123 1208 3188 sed
1231 3125 1383 3211 tempori·

174 3221 235 3286 bus
262 3221 396 3287 dirersis
424 3221 628 3308 obligantur,
663 3245 722 3289 nos
751 3221 830 3288 duos
858 3223 1044 3290 consulatus
1067 3226 1254 3311 accepimus
1277 3227 1383 3311 simul,

175 3322 270 3388 simul
293 3325 450 3411 gerimus,
480 3324 625 3411 alterque
652 3325 689 3389 in
710 3325 812 3390 altero
835 3326 962 3410 consul,
985 3327 1040 3392 sed
1062 3327 1181 3393 iterum
1203 3331 1240 3394 et
1262 3333 1385 3415 pariter

126 3425 297 3492 arsamus.
334 3427 415 3493 illud
440 3449 517 3493 vero
544 3450 641 3514 quam
662 3429 808 3514 insigne,
837 3429 922 3512 quod
943 3429 1038 3494 nobis
1059 3431 1235 3515 praefectis
1259 3433 1413 3500 aerarios

178 3527 382 3594 consulatum
403 3534 481 3596 ante
503 3553 601 3617 quam
630 3551 847 3596 successorem
868 3530 1002 3596 dedisti!
1036 3536 1132 3599 aucta
1159 3537 1211 3600 est
1240 3535 1385 3623 dignitus

176 3631 348 3720 dignitate,
363 3655 424 3698 nec
439 3633 647 3698 continuatus
668 3635 797 3699 tautum
812 3632 869 3698 sed
883 3632 1068 3719 geminatus
1088 3638 1139 3701 est
1151 3635 1260 3704 honor
1272 3639 1386 3706 finem·

177 3756 238 3820 que
266 3735 438 3822 potestatis
465 3735 599 3802 alterius
627 3743 741 3817 altera,
776 3738 943 3822 tamquam
970 3759 1085 3821 parum
1112 3741 1197 3805 esset
1224 3741 1385 3830 excipere,

245 3981 261 4029 3
280 3979 335 4028 etsi
352 3978 443 4028 minus
461 3983 492 4028 nt
510 3979 598 4030 bonos
616 3985 712 4030 tamen
730 3995 890 4045 promouere
913 3993 930 4036 ς
957 3981 1013 4031 etsi
1039 3982 1129 4032 minus
1147 3984 1231 4034 notos
1248 3988 1283 4034 ut
1301 3985 1386 4037 bonor

178 4050 272 4096 tamen
290 4062 451 4111 promouere
470 4048 576 4114 Lipsius
645 4045 809 4115 4quorum]
829 4049 919 4114 quoB
988 4049 1204 4101 {relaberentur
1221 4053 1245 4102 Δ
1263 4052 1386 4106 elabere·

178 4129 238 4164 mur
254 4114 318 4165 sor
385 4114 574 4167 8oeleritatis
592 4114 671 4167 e²ec
690 4117 862 4168 claritatisd
881 4118 1095 4171 celebritatisd
1146 4123 1296 4172 litantem
1316 4124 1385 4182 enim

179 4184 252 4233 iuter
270 4185 316 4232 sd
386 4187 416 4234 ll
436 4183 512 4252 illos]
533 4186 589 4235 illis
607 4187 768 4237 Scdwarzius
838 4187 1029 4250 crtedinrnss
1083 4188 1385 4255 16decernerelcora

178 4252 332 4302 modestiae
352 4253 423 4316 (394,
443 4254 486 4317 28)
506 4256 605 4306 omissis
623 4257 655 4305 iis
673 4272 738 4322 quae
756 4257 909 4318 interposito
927 4265 985 4306 runt
1003 4271 1017 4306 c
1105 4260 1137 4309 19
1155 4259 1214 4308 ista
1233 4261 1329 4324 possis
1345 4260 1386 4309 Ad

177 4321 268 4385 possis
287 4321 342 4372 ista
359 4321 402 4376 Βς
523 4325 557 4374 20
574 4324 685 4373 ueniam
704 4323 775 4389 quod
792 4324 839 4373 Au
860 4325 972 4373 ueniam
992 4341 1046 4391 que
1063 4342 1132 4376 corr.
1150 4327 1267 4376 ueniam
1282 4329 1355 4393 quod
1372 4329 1386 4393 β

179 4391 381 4456 ueniamqueb
450 4393 482 4440 21
502 4408 618 4444 cosona.
637 4393 695 4456 Ad,
714 4393 814 4444 (1de
883 4395 916 4442 22
936 4394 1154 4459 propositiBsrl
1171 4397 1355 4460 prepositid

179 4459 304 4523 postulat
320 4460 365 4509 Ad
383 4460 544 4524 postulabat
561 4461 605 4515 Βς
674 4464 708 4512 23
726 4465 822 4512 nostra
838 4461 859 4510 B
946 4464 980 4513 25
999 4479 1016 4512 a
1039 4478 1068 4513 se
1088 4464 1149 4529 ipso
1168 4463 1323 4517 Cannaene

177 4526 211 4578 28
229 4529 383 4594 accipimus
402 4541 419 4585 ς
487 4531 520 4581 29
539 4529 667 4580 consules
685 4530 736 4580 sed
753 4531 854 4581 iterum
871 4530 985 4594 Lipsius.
1001 4531 1117 4593 fortasse
1136 4530 1268 4584 consules
1288 4536 1387 4587 iterum

246 4597 280 4649 20
298 4596 370 4663 quod
389 4597 470 4649 uobis
488 4598 504 4662 β
573 4601 607 4652 33
626 4599 716 4650 altera
733 4615 782 4651 om.
799 4599 878 4663 ABd,
896 4607 957 4652 aare
973 4599 1118 4667 praevenit
1135 4599 1200 4654 odd.
1219 4601 1356 4657 Livineius
