2934 4966
433 291 683 377 rrrsruuaau'n
705 324 781 377 vru.
804 323 830 374 r.
846 324 871 374 s.
893 320 930 389 (a
946 323 1003 375 ros.
1027 319 1087 389 loo)
1307 313 1372 380 213

736 566 796 634 VI.

497 691 529 746 e.
548 689 698 744 ennius
714 688 896 742 nonanuo
915 687 986 742 suo
1006 689 1032 742 s.

247 807 444 895 Cognovisse
465 810 532 874 iam
554 830 593 873 ex
621 806 762 893 epistula
783 828 855 871 mea
877 805 974 872 debes
997 806 1170 873 adnotasse
1192 831 1244 874 me
1265 812 1396 896 nuperi

159 914 406 976 monumentum
434 910 594 976 Pallantis
621 910 681 976 sub
709 908 771 975 hac
798 908 1029 995 inscriptione,
1059 908 1147 976 ‘huic
1174 915 1307 977 senatus
1328 912 1370 978 ob

124 1031 145 1070 ⁵
158 1011 256 1079 fidem
272 1013 491 1100 pietatemque
514 1036 593 1100 erga
606 1015 762 1099 patronos
777 1014 971 1077 ornamenta
985 1014 1148 1097 praetoria
1173 1014 1315 1080 decrerit
1337 1001 1371 1079 et

158 1116 346 1202 sestertium
377 1117 501 1182 centies
534 1116 763 1203 quinquagies,
799 1101 891 1181 'euius
925 1114 1047 1181 honore
1079 1120 1252 1183 contentus
1278 1117 1369 1185 fuit?

159 1221 274 1305 postea
294 1217 376 1301 mihi
397 1218 500 1285 visum
529 1222 580 1285 est
601 1218 741 1309 pretium
764 1223 882 1303 operae
904 1217 1010 1303 ipsum
1032 1223 1165 1285 senatus
1189 1219 1401 1288 consultum2

159 1308 324 1407 quaerere.
359 1321 469 1387 inveni
492 1325 560 1388 tam
577 1314 745 1407 eopiosuin·
764 1324 798 1386 ct
820 1320 972 1403 effusum,
996 1323 1032 1384 ut
1053 1320 1108 1386 ille
1123 1321 1371 1407 superbissimus

159 1423 274 1488 titulus
303 1423 446 1490 modicus
476 1429 572 1510 atque
600 1424 699 1490 etiam
727 1423 885 1489 demissus
919 1423 1091 1489 videretur.
1137 1423 1309 1490 conferant
1335 1448 1371 1493 se

113 1543 145 1582 ιο
159 1527 398 1612 misceantque,
421 1549 486 1592 non
510 1527 581 1593 dico
603 1526 651 1591 illi
673 1529 816 1610 veteres,
846 1525 1013 1610 Africani,
1043 1525 1197 1610 Achaici,
1227 1526 1370 1594 Numan·

159 1629 240 1713 tini,
264 1629 318 1695 sed
334 1628 368 1694 hi
385 1630 522 1715 proximi
529 1680 538 1713 ,
552 1628 678 1712 -Marii,
703 1627 826 1714 Sullae,
849 1628 1005 1715 Pompeii,
1028 1628 1105 1694 nolo
1127 1630 1280 1716 progredi
1302 1631 1371 1697 lon·

160 1731 251 1817 gius;
272 1732 360 1798 infra
374 1731 536 1799 Pallantis
552 1732 664 1797 laudes
680 1731 844 1798 iacebunt
875 1732 1016 1798 urbanos
1031 1733 1086 1818 qui
1101 1732 1158 1798 illa
1174 1725 1399 1801 censuerunt3

146 1838 272 1920 putem
294 1857 338 1900 an
359 1835 517 1901 miseros?
550 1835 689 1901 dicerem
713 1835 871 1920 urbanos,
899 1836 927 1901 si
949 1840 1098 1901 senatum
1120 1835 1249 1901 deceret
1275 1836 1370 1902 urba-

158 1937 263 2022 nitas3
285 1937 434 2022 miseros,
458 1938 514 2003 sed
535 1958 629 2002 nemo
651 1940 720 2002 tam
740 1937 918 2022 miserest,
942 1941 980 2002 ut
994 1937 1051 2002 illa
1066 1940 1213 2024 cogatur.
1237 1939 1370 2006 ambitio

117 2055 238 2126 aergo
261 2042 294 2105 et
315 2039 509 2126 procedendi
532 2038 642 2104 libido.
678 2040 733 2105 sed
755 2038 828 2126 quis
851 2039 930 2105 adeo
953 2039 1103 2125 demens,
1125 2042 1163 2105 ut
1183 2062 1243 2126 per
1264 2063 1368 2127 suum,

160 2163 219 2228 per
239 2141 404 2227 publicum
426 2141 564 2208 dedecus
579 2141 760 2228 ⁴procedere
781 2141 860 2207 velit
880 2142 916 2207 in
939 2164 978 2207 ea
1001 2143 1148 2226 civitate,
1172 2143 1206 2208 iu
1228 2165 1293 2229 qua
1314 2142 1370 2211 hie

160 2248 246 2310 esset
267 2267 343 2310 usus
365 2245 613 2311 florentissimae
628 2245 818 2331 dignitatis,
841 2249 878 2310 ut
899 2247 1023 2330 primus
1045 2245 1080 2310 in
1097 2248 1214 2325 senatu
1236 2245 1369 2313 laudare

122 2389 125 2393 -
159 2346 341 2420 Pallantem
357 2349 489 2433 posset?
519 2348 615 2413 mitto
631 2347 714 2433 quod
729 2346 874 2413 Pallanti
889 2368 981 2413 servo
996 2347 1160 2434 praetoria
1175 2353 1369 2415 ornamenta

159 2443 353 2534 offeruntur,
380 2447 500 2536 quippe
522 2450 701 2516 offeruntur
722 2472 742 2516 a
763 2450 880 2515 serris:
908 2450 1004 2515 mitto
1029 2451 1114 2535 quod
1141 2455 1280 2517 ‘censent
1300 2453 1399 2518 non4
1427 2464 1430 2470 '

117 2569 146 2610 ω
159 2551 395 2618 exhortandum
417 2552 511 2617 modo
535 2574 643 2617 verum
669 2553 768 2618 etiam
792 2552 1049 2638 compellendum
1072 2551 1112 2617 ad
1135 2574 1228 2619 usum
1258 2574 1368 2621 aureo·

159 2677 232 2720 rum
254 2654 438 2739 anulorum3
467 2656 646 2720 eratenim
669 2658 784 2721 eontra
806 2658 1010 2720 maiestatem
1032 2659 1181 2737 senatus,
1204 2656 1232 2722 si
1252 2656 1368 2724 ferreis

159 2758 341 2844 praetorius
363 2761 517 2823 uteretur.
557 2758 741 2848 levia'lraec
764 2761 798 2823 et
818 2758 1038 2842 transeunda3
1066 2757 1124 2823 illa
1145 2759 1398 2846 memoranda,5

158 2860 243 2945 quod
270 2859 402 2927 nomine
429 2858 588 2928 Pallantis
615 2864 764 2944 senatus,
799 2882 860 2925 neo
887 2860 1018 2944 expiata
1043 2864 1158 2945 postea
1186 2860 1290 2950 curia
1307 2865 1366 2947 est,

158 2961 320 3027 Pallantis
334 2961 465 3026 nomine
487 2965 619 3026 senatus
634 2962 758 3047 gratias
781 2962 852 3049 agit
867 2961 1013 3045 Caesari,
1038 2962 1123 3047 quod
1146 2963 1269 3048 etipse
1293 2986 1366 3030 cum

118 3081 145 3124 rs
158 3085 283 3130 summo
306 3063 427 3130 honore
442 3066 641 3137 mentionem
664 3066 731 3131 eius
746 3067 936 3150 prosecutus
959 3059 1044 3130 esset
1067 3069 1100 3130 et
1114 3067 1242 3131 senatui
1263 3067 1366 3133 facul·

157 3169 260 3232 tatem
281 3167 413 3232 fecisset
433 3167 576 3232 testandi
599 3189 677 3252 erga
693 3189 765 3232 eum
781 3167 1032 3233 benivolentiam
1049 3190 1149 3234 suam.
1184 3168 1261 3253 quid
1278 3169 1397 3239 enim6

158 3269 285 3334 senatui
300 3268 476 3354 pulchrius,
501 3292 598 3354 quarn
613 3274 649 3335 ut
664 3292 742 3356 erga
757 3270 940 3336 Pallantem
956 3273 1036 3336 satis
1051 3274 1164 3357 gratus
1180 3271 1366 3338 videretur?

158 3371 288 3437 additur
311 3375 360 3436 ‘ut
374 3371 498 3455 Pallae,
524 3372 574 3436 cui
597 3394 631 3436 se
654 3394 765 3464 omncs
788 3395 844 3456 pro
860 3373 945 3438 virili
967 3377 1061 3459 parte
1076 3373 1237 3459 obligatos
1258 3375 1364 3442 faton-

157 3478 227 3560 tur,
255 3466 431 3560 singularis
460 3474 550 3556 lidci,
579 3474 754 3558 singularis
782 3474 961 3541 industriae
988 3476 1142 3541 fructum
1159 3477 1366 3544 meritissimo

117 3577 267 3644 roserat?
303 3576 446 3662 prolatos
467 3576 596 3661 imperii
610 3578 702 3660 lines,
725 3577 867 3644 redditos
883 3579 1041 3645 exercitus
1064 3579 1110 3644 rei
1125 3578 1276 3665 publicae
1299 3602 1379 3673 cre-¹

226 3871 265 3922 Vl
278 3873 294 3922 3
307 3870 467 3937 epistola!
502 3873 518 3920 7
537 3871 655 3936 pretium
675 3886 777 3937 operae
790 3873 836 3920 Mt
848 3888 950 3938 operae
969 3874 1087 3940 pretium
1106 3885 1123 3929 ς
1141 3875 1260 3938 pretium
1280 3889 1365 3928 curas

156 3957 175 3992 a
243 3940 369 4004 lladque
386 3941 444 3989 n·
483 3941 569 3990 etiam
587 3954 668 3992 um.r
752 3939 882 3990 dimissus
899 3944 931 3989 ι’
1000 3941 1146 3992 conserant
1164 3957 1194 3994 se
1213 3945 1366 3995 misceant-

178 4025 212 4060 ua
231 4023 287 4059 nou
306 4008 370 4059 dico
388 4008 466 4059 illia
492 4008 693 4073 conterantque
721 4023 750 4059 se
770 4023 824 4058 non
843 4008 905 4059 dico
924 4009 966 4060 illi
984 4012 1012 4058 Η
1038 4010 1240 4076 conseruntque
1253 4027 1290 4062 se
1309 4024 1364 4063 non
1446 4045 1448 4049 Α

155 4026 200 4128 illi
216 4091 231 4126 r
249 4077 398 4129 conferant
415 4092 445 4129 se
464 4092 520 4127 non
537 4076 579 4127 illi
599 4079 743 4128 Coronaeus
848 4080 880 4127 lo
897 4079 1060 4129 Numantini
1078 4090 1117 4133 §a
1140 4081 1325 4131 nommantini
1336 4084 1366 4131 Κ

156 4147 342 4196 numantieir
394 4148 425 4197 11
444 4144 631 4196 sedlriiltr·
686 4145 777 4195 sullae
795 4146 844 4200 ns
861 4144 1067 4211 sillarSyllae
1086 4162 1103 4195 a
1155 4150 1265 4214 pompei
1282 4152 1330 4199 1⁸

157 4218 190 4265 12
208 4215 341 4266 iacebant
356 4217 388 4263 r·
421 4220 622 4264 censuerantr
675 4217 706 4266 13
725 4214 942 4264 dicerem-14
960 4216 1166 4269 miscrosom.r
1236 4214 1362 4283 deceret]
1437 4254 1438 4257 η

156 4283 265 4335 diceret
281 4285 309 4333 n
363 4285 394 4332 14
407 4275 437 4332 rit
457 4282 490 4332 nd
511 4283 562 4333 illa
580 4287 725 4349 cogaturc
778 4284 809 4332 15
827 4287 859 4332 nt
877 4288 926 4332 aut
939 4299 989 4348 per
1006 4299 1084 4334 suum
1099 4288 1148 4333 ant
1162 4298 1211 4348 per
1221 4284 1363 4349 publicum

156 4367 173 4402 a
229 4354 258 4404 16
277 4352 410 4407 ιιεΙίῐΗς
428 4351 654 4414 uultruelleta
708 4353 739 4402 18
757 4351 889 4402 omittoa
959 4349 1141 4416 luascrvis]
1162 4353 1329 4403 asseruisti

155 4420 397 4472 'Zdexorandumr
449 4422 959 4487 '23naeexpiata-senatusom,r
1011 4425 1111 4485 postca
1130 4437 1164 4470 ca
1176 4421 1280 4472 iniuria
1293 4427 1364 4473 esta
1415 4481 1418 4487 ,

225 4493 258 4541 ‘25
277 4485 364 4554 esset]
386 4492 473 4540 estr'
529 4490 562 4538 ‘26
581 4505 659 4540 stram
678 4508 724 4540 una
743 4490 788 4538 tir
868 4488 1041 4539 280mnisr
1110 4488 1252 4554 obligatos
1272 4490 1363 4542 saten-

156 4562 202 4608 tur
219 4573 236 4606 a
254 4557 395 4624 obligatos
413 4559 572 4610 faterentur
589 4562 616 4608 Μ
635 4559 774 4625 obligatus
793 4557 928 4608 fateretur
945 4571 959 4606 r
1044 4558 1078 4608 ἓξ)
1096 4556 1148 4608 fide
1166 4571 1184 4607 a
1252 4561 1286 4610 30
1304 4575 1363 4624 pro·

154 4625 232 4678 latus
249 4628 283 4675 τ*
