2934 4966
217 273 277 343 138
532 272 543 285 ’
711 272 925 340 ‘c.rr.nu'
1011 278 1018 371 j

214 468 286 514 rum
306 443 419 511 eodem
440 442 550 509 auimo
571 464 634 530 quo
655 446 840 530 susceperat
860 443 1064 531 pertulisset3
1084 442 1161 531 quia
1173 446 1288 511 tamen
1300 442 1339 509 in
1352 440 1419 509 boc

214 569 318 638 genua
340 545 454 633 culpae
475 567 543 613 nou
563 546 677 613 fraude
698 546 868 613 incidisset
886 545 1034 634 nihilque
1053 546 1192 635 dignum
1213 544 1418 638 animaduer-

213 652 303 719 sione
325 648 492 716 admisisse
515 649 771 734 convinceretur,
792 649 1011 734 liberandum,
1032 649 1081 715 ita
1100 651 1139 715 ut
1152 647 1314 717 Vicetinis
1330 648 1416 735 quod

183 754 384 839 bacceperat
404 750 562 818 redderet
595 752 811 819 adsenserunt
830 772 943 819 omnes
964 754 1095 838 praeter
1115 744 1254 819 Fabium
1275 753 1414 838 Aprum.

213 858 241 923 is
262 854 521 923 interdicendum
543 853 574 920 oi
595 853 858 921 advocationibus
879 855 916 921 in
936 851 1196 941 quinquennium
1219 853 1358 938 censuit,
1381 857 1441 921 ets

213 959 359 1047 quamvis
372 956 544 1025 neminem
565 957 758 1024 auctoritaie
784 959 954 1043 tremeret,
981 959 1171 1024 constanter
1190 955 1229 1024 in
1248 956 1431 1024 sententia.

213 1063 349 1129 meunt:
379 1059 579 1147 quinetiam
599 1058 775 1146 Dextrum,
802 1061 858 1148 qui
887 1061 1011 1146 primus
1038 1059 1201 1128 diversum
1229 1063 1414 1151 censuerat,

213 1165 341 1250 prolata
360 1163 433 1249 lege
455 1161 495 1227 de
517 1164 632 1227 senatu
653 1161 803 1229 habendo
829 1163 937 1229 iurare
959 1162 1066 1250 coegit
1087 1184 1106 1231 e
1126 1184 1163 1229 re
1189 1161 1323 1248 publica
1345 1185 1416 1231 esse

183 1266 298 1355 tiquod
320 1264 507 1333 censuisset
537 1264 590 1331 cui
611 1285 806 1351 quamquam
826 1264 994 1354 legitimae
1007 1264 1221 1352 postulationi
1239 1287 1262 1331 a
1283 1266 1417 1352 quibus·

212 1370 288 1435 dam
306 1367 517 1434 reclamatum
531 1370 591 1435 est
622 1368 816 1454 exprobrare
837 1367 926 1434 enim
940 1367 1086 1435 censenti
1100 1366 1314 1434 ambitionem
1327 1369 1414 1435 vide·
1426 1386 1452 1428 u

117 1501 127 1562 j
178 1459 182 1467 ⁴
211 1472 316 1537 batur.
347 1470 403 1537 sed
424 1471 627 1556 priusquam
648 1469 831 1537 sententiae
850 1469 1045 1555 dicerentur,
1067 1468 1239 1559 Nigrinus,
1260 1469 1417 1542 tribunus

211 1573 325 1661 plebis,
354 1572 504 1639 recitavit
523 1571 670 1639 libellum
696 1572 853 1641 disertum
878 1576 914 1640 et
940 1592 1089 1659 gravenu
1118 1592 1181 1659 quo
1208 1574 1343 1659 questus
1363 1577 1416 1640 eet

83 1704 85 1708 >
211 1677 321 1743 venire
342 1665 587 1762 advocatione,'
601 1675 713 1742 venire
731 1678 832 1742 etiam
849 1674 1155 1761 praevaricationes,
1177 1674 1215 1742 in
1234 1672 1311 1743 iitea
1334 1674 1415 1743 coiri

98 1861 105 1876 .
212 1783 245 1845 et
265 1776 389 1866 gloriae
409 1777 481 1871 loco
501 1778 580 1863 poni
602 1799 642 1844 ex
662 1777 775 1863 spoliis
797 1777 916 1845 civim
936 1797 1075 1864 magnos
1096 1780 1132 1844 et
1151 1779 1256 1845 smine
1275 1767 1412 1845 reditus.

182 1881 366 1948 irecitavit
386 1879 496 1967 capita
516 1879 643 1968 legum,
671 1879 839 1946 admonuit
858 1882 1004 1947 senatus-
1020 1878 1257 1947 consustcrum:
1282 1881 1321 1948 in
1346 1881 1413 1967 tine
1425 1896 1452 1940 1⁵

210 1984 293 2050 dixit
313 1982 489 2070 petendum
511 1982 554 2049 ab
574 1982 697 2068 optimc
718 1981 865 2068 principe
879 1985 932 2067 ut,
946 1982 1033 2069 quia
1052 1982 1159 2070 leges,
1182 1982 1259 2069 quis
1279 1987 1415 2053 mustus

181 2085 358 2153 Sccnsulta
398 2087 700 2170 contemnerentur,
727 2085 798 2171 ipse
825 2085 928 2151 tantis
958 2084 1048 2151 vitiis
1081 2084 1272 2153 mederetur.
1315 2086 1413 2173 pauci
1449 2159 1452 2165 ,

209 2188 289 2275 dies,
313 2190 347 2254 et
366 2187 450 2254 liber
462 2187 620 2275 principis
635 2208 764 2255 severus
786 2190 821 2254 et
833 2189 944 2253 tumen
964 2187 1164 2254 moderatus:
1189 2187 1281 2275 leges
1293 2189 1413 2275 ipsum,
1438 2180 1441 2186 ’

210 2293 261 2358 est
286 2290 322 2357 in
348 2289 487 2377 publicio
515 2290 607 2357 actis.
652 2311 749 2375 quam
775 2311 827 2355 me
854 2290 945 2357 iuvat
970 2289 1054 2377 quod
1082 2289 1118 2357 in
1146 2290 1253 2357 causis
1274 2292 1413 2379 agendis

153 2444 161 2452 .
209 2415 276 2460 non
303 2393 398 2459 modo
426 2391 578 2480 pactione
599 2392 685 2458 dono
710 2412 844 2459 munere
878 2413 991 2458 verum
1023 2391 1125 2459 etiam
1149 2392 1256 2460 xeniis
1283 2409 1449 2481 sempera

180 2492 368 2563 9abstinuii
398 2496 528 2581 oportet
541 2492 671 2581 quidem
684 2515 767 2581 quae
787 2497 867 2563 sunt
885 2493 1062 2562 mboumta
1080 2516 1150 2567 non
1163 2494 1257 2581 quasi
1269 2495 1443 2584 infida,2.-

208 2597 264 2664 sed
285 2596 378 2684 quasi
398 2595 549 2683 pudenda
561 2597 681 2682 vitare3
702 2597 877 2664 iucundum
897 2601 1020 2683 tamen,
1041 2596 1071 2664 si
1091 2596 1257 2683 prohiberi
1279 2598 1421 2684 publice⁴

161 2695 201 2761 10
208 2700 318 2767 videas
339 2699 425 2786 quod
445 2720 621 2785 numquam
641 2698 702 2765 tibi
723 2699 794 2787 ipse
814 2699 1010 2798 permiseris.
1054 2700 1288 2786 ericfortaao,
1311 2700 1427 2785 immo·

209 2825 276 2870 non
297 2801 394 2868 dubie
415 2800 510 2867 huius
531 2801 687 2888 propositi
709 2803 773 2868 mei
794 2805 828 2867 et
848 2802 955 2868 minor
975 2802 1046 2869 laus
1068 2804 1102 2869 et
1122 2802 1289 2870 obscurior
1308 2803 1410 2890 fama,

184 2927 283 2972 cum
309 2926 421 2971 omnes
448 2924 487 2970 ex
514 2905 709 2971 necessitate
735 2904 861 2971 facient
891 2904 977 2991 quod
1004 2926 1065 2992 ego
1091 2908 1209 2991 sponte
1233 2905 1409 2973 faciebam.
1423 2920 1450 2963 υ

79 3077 88 3086 ,
208 3007 341 3074 interim
360 3006 451 3073 fruor
470 3007 648 3093 voluptate,
669 3029 743 3074 cum
763 3006 821 3073 alii
842 3006 987 3075 divium
1007 3029 1070 3093 me,
1092 3007 1252 3081 sliimeis
1272 3008 1410 3096 rapinis,

208 3131 300 3176 meae
321 3108 476 3176 avaritiae
497 3130 667 3176 occursum
688 3132 747 3196 per
767 3108 878 3176 ludum
899 3131 939 3177 ac
959 3109 1067 3177 iocum
1087 3110 1251 3178 dictitant
1281 3111 1383 3179 vale:

276 3402 293 3452 3
309 3398 353 3451 ita
370 3405 401 3452 ui
417 3404 549 3457 ui‘cetinis
567 3405 617 3455 ita
633 3405 675 3456 ita
692 3405 840 3456 nicentinis
857 3406 921 3469 Dpr
937 3404 979 3458 ita
997 3408 1091 3456 tamen
1108 3409 1140 3456 ut
1157 3406 1315 3460 Visentiuis
1332 3420 1350 3465 ς

208 3467 354 3532 epraeter
372 3471 477 3523 fabium
496 3488 590 3540 aprum
608 3474 634 3525 is
650 3473 679 3522 1
696 3479 807 3541 praeter
823 3473 954 3525 Flauiam
971 3473 1075 3540 Aprum
1096 3473 1122 3526 is
1143 3486 1161 3524 a
1182 3480 1297 3542 praeter
1316 3474 1410 3530 lacru-

208 3551 260 3632 mis
277 3553 319 3617 Dp
338 3560 533 3624 praeterquam
549 3558 684 3611 Lacerius
701 3575 716 3610 r
733 3565 927 3625 praeterquam
945 3557 1072 3610 Licinius
1095 3558 1119 3609 is
1137 3573 1156 3618 ς
1227 3552 1305 3630 cuae
1321 3562 1410 3615 iuter·

92 3656 98 3665 .
208 3618 355 3700 ducendum
373 3627 401 3674 Ι
487 3625 720 3690 aduocationibue
737 3629 788 3678 Ia
810 3626 989 3678 adnoeatioui
1004 3628 1048 3691 Bp
1067 3627 1253 3681 aduocatione
1270 3643 1307 3687 re
1393 3632 1410 3682 ‘1

208 3703 323 3753 primum
335 3706 354 3742 a
438 3697 454 3747 8
473 3695 584 3762 prolata
601 3699 649 3763 [ι
671 3697 782 3762 perlata
799 3698 861 3759 Dpr
946 3709 961 3744 e
978 3709 1036 3761 rep.
1056 3710 1118 3749 esse
1135 3698 1188 3749 Ia
1209 3699 1347 3764 eripuisse
1364 3700 1409 3765 Bp

208 3771 232 3807 e.
251 3772 288 3813 re.
307 3775 334 3825 p.
351 3764 501 3828 arripuisse
518 3779 532 3814 r
548 3780 563 3815 e
581 3781 619 3816 re.
638 3781 665 3831 p.
683 3765 772 3816 fuisse
789 3764 939 3817 Beroaldus
992 3765 1024 3814 10
1042 3765 1194 3828 exprobrae
1211 3770 1239 3817 1
1254 3768 1409 3833 exprobare

207 3824 230 3872 1>
281 3831 409 3881 censenti
425 3860 461 3871 —
479 3835 639 3897 priusquam
656 3848 704 3885 om.
722 3835 766 3894 up
819 3834 850 3883 11
872 3831 1041 3884 senteutiam
1058 3833 1101 3896 op
1170 3835 1279 3902 nigrius
1296 3837 1325 3886 Ι
1377 3839 1409 3889 18

207 3891 303 3960 etiam]
323 3901 351 3946 et
368 3911 404 3954 ις
455 3901 575 3951 coires(
628 3903 659 3950 14
678 3905 766 3952 statos
789 3901 958 3953 reditusla
975 3905 1097 3951 statutos
1114 3901 1220 3955 reditus
1237 3907 1409 3968 prstatutos

207 3960 313 4014 reditus
332 3965 477 4018 reditusn
581 3970 745 4021 itseuetus
764 3966 962 4034 consultorum]
987 3970 1291 4023 senatusconsulti!
1378 3973 1409 4024 ld

208 4030 325 4111 optimos
343 4050 414 4087 corr.
432 4052 511 4086 -mo
529 4039 557 4086 Μ
626 4040 658 4089 17
676 4038 754 4090 vitiis
771 4055 818 4090 ons.
836 4040 880 4101 Dp
967 4037 999 4086 18
1013 4034 1184 4107 moderatus]
1204 4044 1329 4091 moratus
1347 4043 1375 4090 Ι

208 4095 280 4162 1031·
297 4101 324 4148 Ι
403 4106 436 4156 20
454 4119 509 4156 non
527 4106 607 4156 modo
624 4121 706 4158 enar
791 4107 923 4173 pactione
940 4108 1012 4161 lea
1029 4106 1160 4170 pactioni
1186 4109 1230 4171 Dp
1248 4108 1409 4173 pactiuoem

208 4177 222 4212 r
289 4170 368 4221 xenis
383 4174 407 4222 D
492 4176 524 4224 21
544 4174 655 4226 inlicita
672 4175 722 4227 sed
741 4178 822 4239 quasi
844 4191 890 4226 om.
910 4175 937 4222 Ι
1023 4178 1055 4226 22
1074 4175 1203 4242 pudende
1220 4176 1270 4225 Ia
1286 4176 1410 4229 iubenda

207 4233 269 4295 ΠΜ
336 4239 492 4305 puplicen
545 4244 762 4299 meritone]
828 4240 1161 4310 tdaliutrcqueiccon
1213 4245 1409 4297 idaciocum

208 4300 257 4352 la
274 4311 417 4374 acceptum
434 4312 496 4373 Dpr
766 4342 769 4349 -
