2934 4966
506 340 753 393 nrrsrnnaaon
775 340 867 389 suu.
889 334 934 384 ar:
954 334 998 385 aa.
1293 315 1355 383 257

149 497 381 578 ἱπποδρομίαι(
409 495 455 564 εἰς
482 500 542 567 τὸν
569 503 630 566 τοῦ
658 498 847 580 πράγματος
874 494 976 561 αὐτὸν
999 493 1125 575 δρόμον
1152 488 1360 558 εἰςελαύνετο

151 602 218 667 iam
240 599 299 665 illa
319 598 510 666 custoditius
532 601 747 687 pressiusque,
772 601 809 666 ςὺ
830 601 867 665 δὲ
890 597 1084 677 ἑλκοποιεῖς,
1112 591 1361 676 ’ἠςολλοβόντες

153 707 201 771 ὡς
222 704 340 790 λῃςπλν
367 710 434 770 τῶν
457 705 656 785 πραγμάτων
686 705 746 770 διὰ·
764 707 821 783 τῆς
843 699 1009 768 πολιτείας
1031 700 1190 783 πλέοντα,
1218 698 1253 761 et
1273 691 1362 759 alia?

152 808 289 893 expecto
310 808 348 871 ut
368 806 528 893 quaedam
551 828 590 872 ex
617 805 679 872 hac
701 804 856 892 epistula,
885 805 923 869 nt
949 801 1030 867 illud
1052 796 1284 888 ‘gubernacula
1306 816 1361 882 ge·
1372 794 1412 860 13

123 911 259 973 omunt’
281 911 315 974 et
335 908 397 975 ‘dis
419 908 519 974 muris
540 909 730 995 proximus’‚
753 907 856 973 isdem
877 906 965 972 notis
987 904 1102 991 quibus
1124 924 1164 968 ea
1184 901 1224 966 de
1246 898 1362 986 quibus

152 1010 260 1077 scribo
275 1011 452 1078 confodias.
486 1011 645 1098 intellego
666 1012 754 1077 enim
768 1033 835 1095 me,
859 1009 935 1074 dum
949 1007 1077 1073 veniam
1099 1002 1260 1092 prioribus
1276 1004 1361 1089 peto,

151 1113 188 1179 in
209 1113 267 1179 illa
280 1113 352 1200 ipsa
367 1135 451 1200 quae
472 1114 686 1180 adnotaveras
707 1113 871 1180 incidisse.
907 1112 963 1177 sed
986 1109 1153 1177 confodias
1173 1106 1262 1191 licet,
1286 1104 1362 1169 dum

153 1215 247 1281 modo
268 1216 336 1282 iam
356 1238 446 1283 nunc
469 1217 611 1284 destines
633 1216 734 1304 diem,
764 1239 827 1303 quo
849 1219 883 1281 et
909 1215 949 1281 de
974 1212 1041 1278 illis
1063 1213 1096 1278 et
1117 1210 1158 1276 de
1179 1210 1230 1276 his
1254 1228 1362 1274 coram

153 1318 283 1405 exigere
304 1319 475 1405 possimus.
511 1324 568 1386 aut
589 1320 677 1386 enim
699 1322 736 1387 tu
756 1342 808 1386 me
829 1317 981 1386 timidum
1002 1319 1060 1382 aut
1081 1336 1143 1402 ego
1170 1318 1203 1380 te
1225 1314 1362 1379 temera·

112 1420 237 1487 terium
258 1420 388 1489 isaiam.
421 1423 504 1490 vala.

663 1592 803 1665 XXVII.

497 1716 880 1774 emmeramiano
900 1716 970 1769 suo
989 1715 1018 1768 s.

239 1832 369 1911 Quanta
384 1837 544 1922 potestas,
561 1838 685 1922 quanta
701 1836 862 1923 dignitas,
878 1837 1002 1920 quanta
1015 1832 1180 1916 maiestas,
1203 1831 1391 1917 quantumi

153 1935 293 2023 denique
307 1927 436 2004 'numen
457 1938 501 2004 sit
521 1937 692 2024 historiae,
717 1961 789 2005 cnm
811 1938 1000 2024 frequenter
1021 1935 1194 2001 alias·tum
1216 1933 1362 2021 prorbne
1388 1955 1390 1959 ’

115 2040 254 2106 acensi
287 2041 482 2107 recitaverat
508 2041 641 2128 quidam
661 2043 863 2108 verissimum
884 2041 1002 2106 librum
1024 2043 1213 2126 partemque
1235 2039 1304 2104 eius
1325 2037 1362 2102 in

153 2141 255 2208 alium
276 2142 362 2208 diem
382 2147 614 2210 reservaverat.
649 2166 723 2211 ecce
746 2145 842 2211 amici
857 2143 1022 2209 cniusdam
1044 2146 1176 2207 orantes
1192 2140 1392 2208 obsecrem?

152 2249 266 2332 tesqua
287 2266 330 2311 ne
344 2246 469 2334 reliqua
491 2248 655 2313 recitaret.
689 2250 802 2313 tantus
818 2245 970 2312 sortiendi
992 2267 1074 2332 quae
1095 2244 1235 2312 fecerint
1249 2243 1362 2330 pudor,

153 2346 269 2433 quibus
296 2348 406 2414 nullus
432 2349 575 2416 faciendi
603 2372 687 2436 quae
715 2349 826 2415 audire
854 2349 1058 2414 erubescunt.
1094 2351 1128 2413 et
1154 2348 1210 2413 ille
1233 2346 1363 2433 quidem

152 2451 320 2535 praestitit
341 2451 425 2538 quod
440 2453 632 2540 rogabatur:
655 2452 784 2518 sinebat
802 2452 892 2518 fides.
926 2451 1009 2546 liber
1030 2454 1157 2536 tamen,
1180 2453 1218 2517 ut
1238 2449 1363 2516 factum

113 2554 276 2640 scipsum,
300 2559 427 2640 manet,
453 2555 601 2621 manebit
626 2554 816 2642 legaturque
845 2576 985 2641 semper,
1013 2557 1107 2620 tanto
1133 2553 1257 2641 magis,
1285 2551 1362 2639 quia

151 2677 222 2722 non
243 2658 365 2723 statim
399 2659 580 2724 incitantur
602 2660 689 2725 enim
702 2658 850 2724 homines
873 2659 914 2723 ad
930 2658 1155 2745 cognoscenda
1170 2678 1251 2744 quae
1272 2655 1362 2721 diffe-

150 2763 278 2828 rantur.
313 2760 396 2827 vale.

678 2932 835 2999 XXVIII.

502 3055 533 3110 c.
550 3055 700 3108 amarus
719 3054 877 3109 ROMANO
897 3055 967 3108 suo
986 3054 1013 3106 e.

110 3189 139 3230 aa
236 3127 319 3238 'Post
340 3170 474 3259 longum
496 3175 624 3258 tempus
647 3172 803 3257 epistulas
825 3176 915 3256 tuas,
939 3171 995 3238 sed
1017 3175 1084 3237 tres
1098 3171 1222 3258 pariter
1241 3172 1386 3258 recepi]

152 3295 266 3340 omnes
288 3274 547 3361 elegantissimas
569 3264 816 3342 amantissimas⁸
837 3280 870 3342 et
888 3275 998 3363 quales
1026 3298 1045 3341 a
1071 3275 1245 3359 tevenire,
1269 3296 1361 3360 prae·

153 3377 266 3443 sertim
281 3377 493 3463 desideratas,
517 3378 697 3463 oportebat.
735 3402 870 3466 quarum
892 3402 959 3445 una
980 3379 1126 3465 iniungis
1147 3376 1228 3443 mihi
1250 3377 1362 3445 iucun-

220 3640 239 3688 -2
257 3637 423 3690 custoditius
440 3652 457 3688 a
474 3637 640 3690 commodius
658 3641 725 3702 Βρς
794 3639 826 3692 rii
844 3637 876 3691 δὲ
894 3637 1052 3691 ἑλκοποιεῖς
1070 3637 1178 3703 ληςτὴν
1194 3640 1257 3690 τῶν
1273 3650 1360 3703 γραμ·

153 3703 255 3771 μάτων
273 3713 302 3757 et
320 3706 408 3757 alia·
432 3708 590 3773 expectoD
617 3721 649 3759 ςυ
676 3708 707 3760 δε
735 3707 893 3760 ἑλκοποιεις
916 3708 1033 3774 ηδιςτην
1055 3722 1117 3758 των
1135 3720 1314 3773 πραγματων
1332 3712 1361 3761 et

154 3776 211 3826 alia
228 3788 281 3840 της
299 3772 419 3828 ποντίας
438 3776 549 3827 πλεντα
563 3814 568 3824 .
580 3782 698 3841 expecto
716 3791 733 3834 ς
752 3776 783 3829 (ir
803 3776 834 3829 δέ
853 3776 1011 3829 ἑλκοποιεῖς
1031 3777 1077 3827 καὶ
1096 3775 1204 3839 μᾶλλον
1223 3790 1264 3828 tot
1283 3773 1361 3840 μέλει

153 3845 215 3895 τῶν
234 3843 404 3908 αὺθημὲρων
423 3843 519 3906 λόγων
538 3844 555 3908 ἡ
573 3846 626 3910 τῆς
653 3844 792 3911 ςωτηρλας
818 3848 872 3911 τῆς
898 3845 1131 3897 attentamus
1150 3846 1201 3896 illa
1218 3844 1272 3897 οὐκ
1290 3844 1361 3897 ἀπο-

153 3911 303 3978 πέμψηςθε
319 3911 373 3963 τὸν
391 3911 547 3978 ἄνθρωπον
566 3911 606 3965 ὡς
624 3914 722 3979 κοινὴν
740 3917 802 3966 τῶν
820 3913 952 3979 ἑλλήνων
969 3910 1118 3978 ςυμφοράν
1135 3913 1154 3979 ἢ
1172 3911 1361 3977 ςυλλαβόνιες

154 3981 195 4033 ὼς
208 3982 315 4046 ληςτὴν
332 3984 394 4032 τῶν
412 3980 590 4065 προνμάτων
609 3980 652 4032 διὰ
671 3985 723 4048 τῆς
741 3983 887 4036 πολιτείας
900 3982 1028 4034 πλέοντα
1040 3981 1235 4047 τιμωρὴςαςθε
1254 3988 1282 4034 et
1294 3982 1361 4065 alia.

154 4050 348 4182 ἓῖξοῗοθωκθέι.
367 4065 384 4100 ⁸
411 4120 428 4169 4
447 4048 827 4185 gppqqqostlppcquqqdqqqqu
845 4049 1314 4187 ddbectoquudddbssrdvdbcbaddbctb
1329 4068 1361 4170 db

152 4190 175 4238 n
255 4187 374 4239 utillud
392 4205 439 4242 cm.
458 4201 477 4235 a
544 4186 619 4254 9ta]
639 4203 715 4240 mer

216 4290 329 4341 -xxvu
347 4291 379 4340 12
396 4287 571 4340 PATERNO
588 4292 633 4339 Da
651 4289 791 4343 Laterano
809 4306 825 4355 p
843 4291 986 4341 Laterano
1003 4303 1041 4347 πς
1110 4293 1142 4341 14
1160 4290 1291 4356 frequens
1307 4302 1326 4352 p

102 4412 107 4427 ,
154 4361 187 4410 td
204 4355 362 4427 cniusdam]
383 4359 543 4412 eiusdcms
612 4362 720 4410 orantis
739 4360 971 4425 obseruantisque
989 4361 1030 4410 Dr
1100 4361 1131 4410 II
1151 4359 1291 4409 ieceritD

152 4423 343 4496 remanebit]
363 4427 540 4491 manebitque
559 4440 576 4474 a
646 4430 711 4494 quia
729 4445 783 4481 non
801 4443 818 4478 a
838 4434 866 4480 et
885 4431 999 4491 110qu
1019 4428 1067 4478 sed
1086 4439 1195 4481 nonrs
1264 4428 1295 4476 21
1315 4425 1360 4476 in-

153 4498 279 4548 citantur
296 4508 335 4552 ςι
352 4499 475 4547 citantur
492 4509 529 4560 pr
546 4498 687 4548 citaturn
792 4497 829 4548 ad
848 4497 1044 4564 cognoscenda
1061 4498 1108 4553 na
1127 4494 1162 4546 sd
1181 4494 1360 4561 agnoscenda

151 4579 190 4630 ps
208 4565 245 4616 sd
263 4565 435 4629 ignoscenda
451 4581 466 4616 r

220 4635 343 4687 XXVIII
360 4637 395 4687 25
412 4635 462 4686 sed
480 4639 539 4687 tres
556 4649 573 4684 a
591 4639 621 4686 et
638 4651 683 4691 res
700 4637 723 4689 n
741 4640 802 4691 tres
818 4651 856 4705 pr

197 4719 349 4759 aarum.
362 4726 401 4760 ιο.
415 4718 485 4764 lima.
1147 4720 1183 4770 tu
