2934 4966
345 286 592 380 srrsruusnuu
615 296 753 347 or-ror.
775 285 937 372 [os-roa]
961 295 998 364 (a.
1014 266 1187 367 111-113)¹
1296 289 1384 356 309·

569 541 721 610 xorrn.
751 541 944 632 [xovnn]

439 665 472 718 C.
489 665 638 719 PLINIUS
656 665 818 720 TRAIANO
837 666 1085 720 IMPERATORI-

240 785 523 850 Amastrianornm
544 783 675 868 civitas,
699 783 844 868 domine,
867 787 901 850 et
922 784 1055 872 elegans
1077 788 1111 851 et
1124 791 1240 852 ornata
1261 788 1387 855 habetl

153 890 240 955 inter
261 889 437 973 praecipua
451 908 550 973 opera
563 884 814 973 pulcherrimam
834 888 1031 973 eandemque
1053 889 1278 974 longissimam
1292 891 1360 976 pla·

126 994 260 1075 ⁵team,
281 991 372 1056 cuius
394 1013 415 1055 a
435 989 538 1055 latere
552 1011 611 1075 per
627 990 770 1076 spatium
784 1011 879 1056 omne
894 991 1072 1076 porrigitur
1085 990 1218 1057 nomine
1232 993 1359 1078 quidem

152 1092 285 1178 flumen,
308 1115 344 1158 re
365 1113 443 1158 vera
465 1092 575 1159 cloaca
595 1092 784 1159 foedissima
805 1115 844 1160 ac
866 1095 952 1159 sicut
973 1093 1079 1179 turpis
1101 1094 1359 1162 immundissimo

131 1188 134 1194 ’
152 1197 288 1282 aspectu
300 1195 351 1260 ita
364 1194 522 1284 pestilens
531 1196 633 1270 odore
647 1195 847 1263 taeterrimo.
869 1195 985 1282 quibus
997 1217 1036 1262 ex
1049 1197 1155 1262 causis
1169 1218 1237 1262 non
1252 1197 1389 1264 minuat

152 1286 354 1364 salubritatis
368 1298 466 1384 quam
481 1298 605 1365 decoris
626 1297 765 1365 interest
787 1321 858 1364 eam
875 1289 1021 1386 cont‘e'gi:
1044 1300 1129 1386 quod
1151 1298 1222 1384 fiet,
1246 1299 1274 1365 si
1288 1322 1360 1387 per·

151 1401 295 1487 miseris,
330 1401 520 1468 curantibus
547 1401 642 1467 nobis
670 1422 712 1467 na
740 1400 825 1468 desit
856 1424 982 1489 quoque
1009 1403 1148 1489 pecunia
1175 1401 1264 1490 operi
1292 1407 1360 1468 tam

115 1507 139 1588 {⁰
152 1525 275 1590 magno
297 1524 395 1590 quam
415 1503 611 1571 necessario.

627 1673 793 1743 ravim.
824 1674 884 1763 [c]

595 1792 778 1850 TRAIANUS
797 1798 923 1851 PLINIO

237 1913 389 1981 Rationis
417 1918 483 1999 et,
511 1915 557 1980 mi
580 1913 727 1980 Secunde
756 1915 938 1999 carissime,
969 1915 1098 2000 contegi
1125 1934 1241 2000 aquam
1263 1914 1361 1982 istam

151 2039 235 2103 quae
249 2038 309 2103 per
320 2017 486 2084 civitatem
497 2018 782 2084 Amastrianorum
791 2018 873 2103 fluit,
889 2019 917 2083 si
928 2018 1051 2083 intecta
1060 2017 1244 2084 salubritati
1255 2019 1358 2099 obest.

111 2125 137 2168 ¹⁵
151 2121 292 2206 pecrmia
311 2143 354 2186 ne
376 2120 452 2187 huic
474 2121 563 2206 operi
587 2121 671 2187 desit
692 2125 878 2187 curaturum
900 2125 933 2187 te
959 2121 1134 2186 secundum
1156 2120 1360 2209 diligentiam

151 2227 242 2289 tuam
265 2226 391 2290 certum
412 2223 525 2291 habeo.

679 2328 871 2483 arar„
915 2455 918 2459 .
986 2458 988 2462 ι

345 2494 348 2498 ‘
439 2517 639 2571 erramus
657 2516 818 2570 ruamuo
837 2517 1065 2605 rurauuroar

236 2635 340 2721 Vota,
366 2635 510 2720 domine,
532 2636 677 2722 priorum
692 2623 852 2701 annorum
868 2626 1058 2720 nuncupata
1073 2634 1196 2701 alacres
1207 2635 1358 2720 laetique

110 2745 138 2784 ²⁰
151 2738 363 2824 persolvimus
384 2760 532 2825 novaque
554 2761 664 2804 rursus
687 2742 834 2805 certante
853 2739 1108 2804 commilitonum
1132 2742 1165 2802 et
1180 2738 1358 2823 provincia·

150 2843 230 2907 lium
256 2843 380 2928 pietate
407 2843 622 2927 suscepimus,
658 2842 782 2927 precati
810 2841 886 2907 deos
915 2845 952 2906 ut
984 2845 1016 2905 te
1042 2863 1173 2926 remque
1194 2839 1359 2927 publicam

105 2947 107 2950 ’
150 2945 320 3010 florentem
348 2948 381 3010 et
408 2944 603 3009 incolumem
633 2967 671 3010 ea
698 2943 903 3029 benignitate
932 2947 1115 3029 servarent,
1144 2965 1240 3029 quam
1262 2965 1358 3029 super

149 3069 296 3134 magnas·
303 3047 523 3134 plurimasque
541 3049 677 3113 virtutes
692 3048 873 3133 praecipua
883 3047 1075 3132 sanctitate,
1091 3047 1262 3132 obsequio,
1285 3046 1357 3111 deo·
1380 3104 1390 3110 ..
1416 3106 1418 3110 .
1441 3106 1444 3111 .

150 3173 222 3216 rum
245 3149 366 3216 honore
389 3150 544 3220 meruisti.

110 3336 137 3376 a
664 3322 716 3389 or.
744 3321 836 3409 [on]

368 3449 370 3452 ’
577 3444 777 3498 ’ΤΚΑΙΑΝΗΒ
799 3445 925 3497 PLINIO

236 3562 375 3641 Solvisse
396 3568 473 3628 vota
495 3564 543 3628 dis
566 3561 800 3628 immortalibus
823 3567 855 3627 te
871 3566 1046 3647 praeermte
1070 3584 1128 3648 pro
1146 3585 1219 3627 mea
1233 3561 1355 3627 incolu-

148 3667 264 3731 mitate
292 3664 526 3732 commilitones
555 3688 629 3731 cum
657 3665 909 3750 provincialibus
937 3664 1115 3729 laetissimo
1143 3684 1300 3729 consensu
1323 3666 1356 3727 et

148 3769 184 3833 in
206 3768 352 3833 futurum
374 3791 580 3856 nuncupasse
601 3768 759 3853 libenter,
784 3768 828 3832 mi
844 3767 990 3833 Secunde
1005 3767 1194 3852 ,canssime,
1218 3765 1355 3851 cognovi

108 3882 135 3921 ³⁰
148 3871 267 3936 litteris
289 3871 365 3937 tuis.

219 4132 337 4185 xcvm
355 4134 396 4184 De
413 4132 529 4199 plathea
548 4133 656 4200 (platea
674 4131 701 4196 a)
721 4131 959 4182 Amastrianorum
983 4131 1098 4183 .LXII.
1116 4129 1139 4180 A
1208 4133 1224 4181 6
1242 4144 1270 4179 re
1288 4144 1355 4180 uera

150 4204 297 4254 Beroaldus
315 4218 344 4252 re
363 4217 430 4253 uero
447 4203 470 4251 A
570 4218 604 4252 ac
623 4203 697 4252 sicut
715 4200 825 4250 Orellius
844 4217 877 4250 ac
896 4201 951 4251 situ
969 4202 1006 4251 A:
1025 4215 1094 4265 quae
1114 4200 1187 4249 sicut
1205 4198 1305 4263 turpis,
1325 4203 1355 4248 et

149 4272 369 4322 immundissima
387 4276 515 4337 aspectu,
535 4271 576 4321 ita
595 4270 730 4337 pestilens
749 4275 792 4319 est
809 4269 892 4320 odoro
911 4285 928 4318 a
996 4272 1013 4321 8
1032 4286 1093 4319 cam
1114 4268 1259 4319 Beroaldus
1279 4282 1313 4316 eu
1330 4268 1353 4315 A

219 4341 240 4391 C
260 4341 392 4391 Votorum
417 4341 588 4405 nuncupatio
615 4340 649 4388 iri
673 4337 800 4391 ,LXIIL
819 4338 843 4386 A
867 4340 999 4389 Votorum
1019 4337 1188 4402 nuncupatio
1207 4342 1236 4386 et
1253 4335 1355 4386 solutio

149 4425 199 4473 pro
217 4409 286 4474 imp.
305 4415 334 4458 et
352 4411 421 4474 Itcp.
441 4425 457 4456 a
557 4411 587 4460 19
606 4408 696 4474 priore
716 4423 789 4457 anno
807 4413 969 4472 nuncupata
988 4407 1157 4457 llouuuseuus
1242 4407 1276 4455 20
1294 4420 1355 4454 cor·

150 4484 228 4528 tante
249 4478 373 4528 cellarius
392 4479 546 4528 curanteA
633 4480 666 4527 ‘22
685 4476 849 4527 incolumem
867 4491 885 4524 a
902 4475 1100 4526 incolurueuA
1169 4476 1203 4526 23
1221 4473 1354 4540 obsequio

149 4546 297 4596 Beroaldus
315 4547 430 4612 obsequi
447 4548 470 4596 A
489 4546 623 4612 consequi
641 4546 787 4597 Calaureae

220 4615 256 4666 cr
274 4617 307 4666 ar
326 4615 382 4666 aaa
397 4616 421 4664 a
1168 4604 1181 4653 l
