2934 4966
374 289 623 343 murmannus
644 287 701 340 1111
722 285 748 338 a.
771 281 808 350 (a.
824 279 980 351 lca-106)
1224 273 1281 341 '97

71 450 138 514 tur.
175 445 333 513 successit
361 445 443 513 mihi
470 445 627 514 Lucceius
654 444 796 512 Albinus
826 445 898 510 tam
928 445 1020 529 apte,
1051 445 1090 511 ut
1108 443 1307 512 -orationes-

72 553 206 618 nostrae
226 547 417 614 canentem
438 548 586 636 duarum,
609 552 797 616 contextum
818 544 915 613 unius
929 544 1081 612 habuisse
1097 546 1282 616 credantur.

72 652 242 739 respondit
263 649 449 719 Herennius
470 651 574 720 Pollio
602 653 765 719 instanter
793 652 827 716 et
848 648 1009 736 graviter,
1039 647 1154 715 deinde
1181 649 1284 718 Theo·
1295 651 1335 718 14

72 755 199 842 phanes
213 775 335 820 rursus.
364 754 447 821 fecit
459 754 548 821 enim
569 756 631 822 hoc
646 776 783 843 quoque,
807 755 845 818 ut
860 755 979 837 catera,
1001 751 1281 842 inpudentissima,
1357 765 1363 773 '

44 856 167 944 equod
179 859 263 944 post·
276 857 357 923 duos
379 860 414 924 et
436 857 622 925 consulares
644 863 678 925 et
699 858 838 923 disertos
859 859 988 941 tempus
1009 854 1073 921 sibi
1098 857 1283 942 etquidem

73 961 181 1027 laxius
195 960 392 1028 ¹vindicavit.
423 961 507 1028 dixit
527 962 564 1028 in
585 965 716 1029 noctem
738 964 835 1046 atque
857 958 957 1025 etiam
983 960 1080 1024 noete
1101 957 1215 1025 inlatis
1235 960 1283 1027 lu·

74 1064 191 1132 cernis.
221 1066 351 1151 postero
373 1063 425 1130 die
446 1069 586 1152 egerunt
606 1086 665 1151 pro
687 1063 790 1130 Basso
811 1060 983 1127 Homullus
1005 1063 1039 1126 et
1053 1060 1174 1155 lhonto
1195 1062 1334 1130 miri-15

71 1168 149 1235 lice:
177 1169 331 1252 quartum
363 1164 451 1233 diem
482 1168 692 1254 probationes
725 1166 936 1251 occuparunt.
982 1162 1110 1230 censuit
1140 1160 1283 1232 Baebius
1293 1165 1333 1232 16
1365 1170 1371 1186 “

71 1270 201 1355 Macer,
236 1269 350 1336 consul
381 1269 586 1358 designatus,
619 1269 693 1358 lege
725 1266 978 1355 repetundarum
1000 1264 1138 1333 Bassum
1165 1271 1281 1356 teneri,

31 1391 60 1433 ιο
72 1371 198 1460 Caepio
217 1371 335 1460 Hispo,
358 1373 448 1440 salva
470 1373 632 1461 dignitate
653 1372 775 1439 iudices
791 1369 930 1437 dandos:
952 1373 1087 1457 uterque
1101 1374 1198 1438 recte.
1227 1372 1332 1459 quill

70 1477 144 1543 fieri
158 1478 277 1564 potest,
293 1475 412 1563 inquis,
430 1474 479 1565 [ut
499 1479 634 1563 uterque
651 1474 751 1566 reete]
769 1496 842 1541 cum
853 1477 923 1544 tam
933 1473 1061 1540 diversa
1071 1476 1283 1542 censuerint?

71 1579 149 1666 quia
176 1579 303 1646 seilicet
329 1582 363 1645 et
383 1579 496 1646 Macro
521 1579 630 1666 legem
656 1579 799 1645 intuenti
823 1580 1077 1643 consentaneum
1102 1576 1168 1644 fuit
1194 1578 1282 1645 dam·

71 1704 153 1748 nare
176 1704 251 1749 eum
272 1682 329 1768 qui
351 1689 467 1749 conus
487 1682 594 1769 legem
615 1704 752 1748 munera
773 1684 960 1766 acceparat,
985 1683 1019 1746 et
1041 1679 1179 1767 Caepio,
1209 1704 1282 1749 cum

70 1788 205 1872 putaret
225 1783 323 1850 licere
345 1785 484 1868 senatui,
496 1775 593 1851 ‘sieut
613 1785 706 1871 lieet,
730 1788 763 1850 et
777 1785 928 1870 mitigare
942 1783 1033 1870 leges
1052 1788 1087 1850 et
1100 1783 1281 1867 intendere,

30 1904 140 1954 acuon
162 1886 234 1953 sine
255 1888 382 1954 ratione
403 1888 535 1953 veniam
557 1887 646 1953 dedit
665 1887 755 1953 facto
781 1887 884 1970 uetito
912 1887 1059 1974 quidem,
1081 1910 1150 1955 non
1170 1891 1283 1956 tamen
1390 1939 1394 1945 -

69 1990 240 2057 inusitato.
270 1989 452 2076 praevaluit
466 1991 632 2058 sententia
647 1990 832 2076 Caepionis,
856 1991 1049 2078 quinimmo
1072 1991 1283 2079 consurgenti
1293 1991 1333 2058 18

71 2094 167 2159 eiad
190 2090 388 2159 censendum
420 2092 638 2158 adclamatum
659 2096 723 2177 est,
755 2091 839 2178 quod
868 2090 952 2156 solet
978 2089 1207 2159 residentibus.
1242 2116 1282 2160 ex

70 2212 135 2282 quo
150 2197 242 2281 potes
258 2195 441 2278 aestimare,
464 2198 588 2281 quanto
604 2216 763 2260 consensu
786 2195 829 2260 sit
851 2197 1034 2281 exceptum,
1059 2215 1132 2260 cum
1147 2194 1280 2283 diceret,

72 2297 157 2383 quod
185 2299 254 2363 tam
280 2295 573 2387 favorabile-fuit,
599 2317 672 2364 cum
694 2297 839 2363 dicturus
860 2297 1034 2365 videretur.
1069 2301 1150 2364 ausit
1170 2301 1281 2365 tamen
1293 2299 1333 2365 19

30 2403 111 2467 aaut
141 2401 178 2467 in
204 2403 323 2493 senatu
354 2399 403 2466 ita
431 2399 467 2466 in
499 2400 631 2493 civitate
659 2401 695 2466 in
723 2400 803 2466 duas
829 2404 940 2487 partes
967 2400 1136 2493 hominum
1163 2400 1283 2469 iudicia
1314 2421 1317 2447 ⁷

11 2537 39 2545 -·
71 2501 187 2570 diuisa.
217 2524 296 2570 nam
311 2502 426 2589 quibus
442 2494 794 2588 sententia‘Caepiouis
809 2503 943 2589 placuit,
965 2503 1163 2570 sententiam
1177 2494 1281 2572 Macri
1327 2537 1332 2548 .

71 2608 110 2672 ut
129 2604 271 2692 rigidtm
286 2604 464 2692 duramque
478 2603 737 2690 reprehendunt:
760 2606 876 2692 quibus
899 2606 1014 2694 Macri,
1037 2607 1129 2674 illam
1144 2606 1281 2683 dieram

71 2707 262 2777 dissolutam
285 2711 382 2794 atque
405 2708 503 2773 ebant
518 2706 790 2795 incongruentem
805 2714 940 2795 vocant,
962 2714 1089 2798 negant
1103 2711 1193 2779 enim
1206 2733 1282 2778 eon·

71 2832 192 2898 gmens
214 2833 284 2878 esse
306 2811 447 2876 retinere
469 2809 505 2875 in
527 2815 643 2877 senatu
666 2812 716 2877 eui
738 2812 860 2882 iudices
882 2813 1020 2879 dederis.
1049 2813 1113 2879 fuit
1129 2818 1162 2880 et
1182 2815 1333 2882 terciaco

30 2914 252 2980 assentantis:
267 2911 419 2979 Valerius
441 2911 604 2980 Paulinus
618 2913 772 2980 adsensus
789 2913 945 3001 Caepioni
967 2916 1029 2983 hoc
1052 2917 1191 3004 amplius
1206 2940 1281 2986 cen·

70 3017 138 3084 suit
170 3015 376 3082 referendum
409 3016 449 3081 de
471 3014 685 3102 Theophane,
721 3039 793 3083 eum
821 3017 1020 3105 legationem
1048 3020 1279 3088 renuntiasset.

70 3119 272 3208 arguebatur
285 3118 374 3184 enim
388 3117 492 3184 multa
513 3119 550 3183 in
571 3120 778 3186 accusatione
792 3119 921 3206 fecisse,
937 3144 1020 3208 quae
1035 3121 1094 3188 illa
1107 3123 1180 3209 ipsa
1194 3122 1279 3210 lege,

70 3246 136 3309 (pua
156 3221 294 3307 Bassum
316 3224 536 3305 accusaverat,
558 3225 757 3289 tenerentur.
795 3223 851 3289 sed
872 3222 960 3291 hane
988 3226 1185 3291 sententiam
1207 3225 1330 3293 eon-21

70 3325 174 3412 sules,
204 3340 400 3411 quamquam
421 3324 581 3390 maximae
603 3325 696 3410 parti
711 3329 845 3391 senatus
865 3328 947 3394 mire
969 3328 1184 3414 probabatur,
1211 3351 1280 3398 non

29 3446 57 3486 ει)
71 3433 154 3496 sunt·
169 3427 342 3515 persecuti.
363 3426 538 3492 Paubuus
552 3429 720 3493 tenenat
733 3428 1014 3511 iustitiuevfumam
1030 3435 1063 3497 et
1078 3431 1281 3499 constantius
1386 3468 1388 3472 ·
1451 3469 1453 3473 >

78 3577 276 3601 ...nn—dmin·

142 3694 154 3743 1
179 3690 307 3743 lucreius
332 3686 442 3739 albinus
465 3686 547 3737 Ul)
574 3684 682 3738 luceius
706 3687 817 3740 albinus
839 3689 961 3745 Riceurd.
980 3703 997 3746 ς
1020 3688 1111 3742 lucius
1133 3689 1233 3756 (lutius
1251 3695 1279 3761 q)

71 3758 183 3812 albinus
201 3762 245 3823 Fp
264 3759 410 3810 Coronaeus
428 3756 461 3806 1..
479 3754 639 3806 Albeniusr
655 3755 789 3807 Lucetius
802 3758 921 3809 Albinus
939 3774 956 3808 a
1008 3759 1145 3810 orationis
1163 3777 1233 3813 corn.
1245 3787 1279 3796 -

71 3831 163 3880 nesi)
250 3825 465 3879 nunciantes
552 3827 568 3874 3
585 3822 712 3874 Pullion
781 3825 982 3892 tlroplmnesbi
1069 3828 1280 3894 blempusibit

70 3898 183 3961 quidem
203 3898 231 3945 1
319 3896 435 3946 bnocte
454 3910 502 3943 om.
520 3906 580 3954 pra
665 3894 680 3944 'i
698 3894 844 3945 Homullus
862 3897 906 3946 ra
927 3894 1055 3947 homulus
1072 3896 1094 3945 Ι)
1112 3895 1279 3959 Ncmulusp

71 3965 205 4016 Romulus
224 3979 239 4014 r
257 3964 337 4015 titius
355 3960 493 4017 homullus
511 3961 704 4016 Uarinius
722 3979 769 4018 one.
788 3964 909 4019 lliccurd.
979 3967 996 4017 8
1015 3969 1224 4030 occupauerunt
1241 3978 1280 4029 pa

123 4038 154 4087 10
172 4031 275 4100 Hispo]
294 4032 339 4082 liis
356 4032 397 4081 Dr
472 4029 578 4080 indices
597 4026 714 4097 dandos]
734 4031 790 4085 iud.
808 4033 908 4084 landos
926 4034 955 4083 u
971 4033 1137 4085 iudicandos
1154 4033 1178 4081 V
1247 4035 1279 4084 11

69 4104 163 4169 inquis
182 4119 243 4154 cum
263 4110 320 4152 tum
349 4099 461 4149 diuersa
479 4098 639 4148 censuerint
658 4098 836 4162 (censuerunt
852 4100 899 4165 τε)
923 4103 989 4167 quia
1012 4101 1099 4167 (aqua
1116 4101 1147 4165 F)
1171 4101 1280 4152 scilieet

70 4173 156 4236 Fpra
178 4166 270 4236 inquis
293 4173 325 4218 ut
342 4172 457 4232 uterque
477 4170 553 4217 recte
573 4166 637 4232 quia
655 4169 768 4218 scilieet
784 4170 840 4217 HV
858 4169 951 4234 inquis
976 4172 1043 4235 quia
1060 4169 1211 4220 seilicetll

72 4244 104 4292 12
122 4241 220 4291 intuen
238 4241 453 4290 consectaneum
472 4236 495 4283 V
566 4234 732 4286 damnorill
803 4239 835 4288 13
852 4238 1123 4305 acceperac.Coepio
1140 4250 1177 4294 ες
1247 4240 1278 4290 17

71 4308 238 4361 sicmliv
317 4307 358 4356 ,18
376 4310 454 4370 potes
472 4317 554 4367 onap
626 4305 786 4354 existimare
804 4319 840 4368 pr
909 4309 948 4357 sit
965 4322 1047 4358 amr
1117 4308 1149 4358 19
1167 4305 1280 4358 uidetur

68 4378 124 4428 lv
194 4371 300 4442 tamen]
321 4374 427 4423 enimn
512 4374 546 4424 20
564 4372 593 4422 in
611 4373 728 4423 ciuitate
744 4373 849 4424 dunsa
928 4374 1070 4425 hominum
1089 4375 1210 4441 partiar

68 4448 99 4497 21
120 4445 265 4512 caepionis
278 4441 458 4508 (suspitionis
475 4439 511 4505 V)
530 4442 674 4492 sententia
691 4441 748 4490 MV
817 4444 851 4492 ‘22
869 4448 901 4493 ut
919 4443 1015 4494 duram
1034 4443 1205 4511 rigidamque
1222 4460 1237 4495 r

67 4513 148 4566 illem
165 4527 247 4566 omn
331 4512 365 4562 23
384 4510 473 4576 adque
491 4511 520 4558 1
597 4512 631 4561 26
648 4508 788 4575 legatione
807 4510 929 4562 thecrd.
947 4511 1085 4578 legationi
1101 4513 1164 4568 Ira
1244 4514 1277 4564 27

67 4582 150 4635 iller
218 4580 404 4634 28bassus1)
473 4580 507 4632 29
524 4578 727 4646 probabituril
826 4582 860 4633 30
877 4580 1096 4635 constentiam

119 4663 401 4707 marmanum
1069 4668 1089 4723 Ἰ
