2934 4966
493 306 1012 366 arrarumauuvnn.1araao
1293 291 1359 360 249

145 492 344 563 quemquam
363 468 430 538 nisi
449 468 647 559 Verginium
672 467 820 554 invenio,
851 467 940 534 cuius
960 468 1057 533 tanta
1084 467 1120 535 in
1141 463 1359 554 praedicando

145 574 360 660 verecundia,
382 577 506 661 quanta
523 575 628 662 gloria
649 596 690 641 ex
710 572 809 639 facto.
842 560 913 657 ipse
935 591 1006 636 sum
1029 570 1133 656 lestis,
1156 567 1390 637 familiariter5
1422 565 1430 575 ’

148 680 193 748 ab
208 701 247 746 eo
260 676 397 744 dilectus
412 677 648 764 probatusque,
670 674 770 742 semel
790 673 923 740 omnino
938 694 990 738 me
1005 673 1157 740 audiente
1172 674 1361 760 provectum

109 811 116 819 ·
146 786 188 850 ut
209 781 249 848 de
274 779 372 846 rebus
399 779 467 845 suis
488 780 551 846 hoc
571 800 673 845 unum
694 777 848 863 referret,
881 777 930 843 ita
952 797 1062 843 secum
1083 774 1258 862 aliquando
1285 772 1361 842 Clu·

114 886 239 956 srium
265 883 411 951 locutum
418 933 428 969 ,
462 882 555 967 ‘scis,
587 880 743 970 Vergini,
778 903 861 968 quae
887 879 1043 946 historiae
1077 880 1157 946 fides
1190 878 1361 946 debeatur:

148 985 287 1076 proinde
309 984 413 1073 siquid
435 986 472 1050 in
493 983 638 1051 historiis
661 984 745 1050 meis.
762 984 845 1072 legis
868 983 963 1049 aliter
984 1004 1023 1049 ac
1043 982 1142 1068 velis,
1165 1002 1246 1069 rogo
1267 981 1362 1070 igno

150 1097 249 1159 scas’.
289 1089 331 1156 ad
357 1088 421 1157 hoc
446 1086 503 1154 ille
530 1089 623 1155 ‘tune
650 1087 801 1174 ignoras,
829 1085 939 1172 Cluvi,
969 1085 1041 1173 ideo
1063 1107 1115 1153 me
1137 1085 1254 1152 fecisse
1276 1085 1362 1173 qnod

151 1194 234 1279 feci,
256 1196 296 1259 ut
322 1194 409 1259 esset
428 1189 567 1257 liberum
588 1189 679 1256 vobis
702 1189 843 1256 scribere
865 1211 948 1276 qnae
969 1176 1165 1254 libuiss'ctl'.
1188 1209 1250 1276 age
1272 1188 1391 1274 dumo

150 1296 240 1363 hunc
266 1295 373 1383 ipsum
395 1293 591 1361 Frontinum
612 1292 649 1359 in
669 1292 731 1359 hoc
758 1293 830 1380 ipso
852 1293 888 1358 in
910 1313 974 1379 qno
995 1292 1056 1357 tibi
1078 1291 1207 1378 parcior
1234 1291 1363 1358 videtur

107 1403 187 1479 met
207 1399 349 1486 pressior
363 1419 597 1485 comparemus.
629 1397 735 1463 vetuit
756 1397 862 1463 extrui
876 1399 1137 1462 monumentum:
1168 1392 1225 1460 secl
1246 1393 1373 1482 quibus·

152 1502 283 1569 verbis?
304 1503 456 1588 ‘inpensa
470 1500 673 1567 monumenti
694 1521 892 1587 supervacua
914 1503 980 1565 est:
1003 1498 1159 1564 memoria
1180 1498 1286 1564 nostri
1307 1496 1363 1563 du-

152 1604 256 1691 rabit,
290 1605 320 1670 si
351 1605 421 1670 vita
448 1605 647 1670 meruimus!
687 1626 729 1670 an
756 1603 937 1670 restrictius
965 1601 1135 1667 arbitraris
1167 1622 1226 1687 per
1251 1601 1362 1667 orbem

151 1712 313 1777 terrarum
334 1707 508 1794 legendum
524 1707 607 1773 'dare
630 1708 818 1774 duraturam
837 1705 1026 1771 memoriam
1047 1726 1155 1790 suam,
1178 1726 1276 1791 quam
1298 1725 1363 1771 uno

152 1811 190 1877 in
216 1811 288 1877 loco
310 1808 433 1876 duobus
453 1808 622 1875 versiculis
651 1811 782 1896 signare
803 1809 888 1895 quod
910 1807 1050 1874 feceris?
1078 1828 1274 1894 quamquam
1295 1808 1391 1875 nonl

115 1912 259 1991 „habeo
279 1911 480 1999 propositum
502 1912 594 1977 illum
620 1911 893 1998 reprehendendi,
920 1911 976 1976 sed
1004 1911 1092 1976 hunc
1113 1909 1237 1976 tuendi.
1272 1911 1372 1997 cuius·

152 2036 236 2104 quae
262 2017 373 2101 potest
401 2013 487 2100 apud
512 2017 547 2080 te
574 2014 690 2081 iustior
716 2036 786 2080 esse
808 2013 970 2099 defensio,
998 2035 1095 2100 quam
1117 2034 1157 2078 ex
1180 2013 1364 2079 conlatione

154 2120 222 2185 eius
251 2138 348 2205 quem
373 2117 583 2204 praetulisti?
615 2140 687 2185 meo
720 2117 850 2204 quidem
876 2117 996 2183 iudicio
1027 2119 1143 2183 neuter
1171 2115 1392 2203 culpandus,8

153 2243 290 2309 qnorum
311 2223 447 2308 uterque
469 2220 511 2286 ad
533 2220 670 2308 gloriam
690 2221 764 2307 pari
786 2219 974 2307 cupiditate,
999 2220 1125 2286 diverso
1147 2213 1276 2294 itinere
1289 2240 1363 2285 con·

152 2324 276 2410 tendit,
303 2323 403 2409 alter,
432 2323 509 2390 dum
536 2324 661 2411 expetit
688 2324 814 2391 debitos
840 2323 970 2411 titulos,
1003 2324 1102 2411 alter,
1134 2324 1212 2390 dum
1238 2322 1364 2390 mavult

115 2427 257 2506 „videri
279 2427 522 2514 contempsisse.
549 2427 638 2495 nale.

722 2598 796 2666 XX.

462 2693 465 2701 ’
486 2721 518 2774 c.
536 2721 685 2775 munus
703 2722 894 2776 vaiarom
913 2723 984 2776 suo
1003 2724 1032 2777 s.

241 2841 312 2907 'lua
333 2862 409 2907 vero
424 2841 563 2927 epistula
584 2843 678 2906 tanto
697 2840 778 2905 mihi
800 2841 971 2907 iucundior
991 2841 1070 2926 fuit,
1092 2845 1214 2929 quanto
1236 2841 1393 2931 longiorl

154 2948 244 3029 erat,
268 2943 459 3030 praesertim
482 2965 554 3009 cum
584 2942 624 3008 de
645 2943 764 3009 libellis
786 2945 866 3010 meis
888 2947 959 3010 tota
979 2945 1179 3031 loqueretur,
1201 2967 1281 3033 quos
1303 2947 1363 3012 tibi

110 3083 140 3126 25
154 3047 316 3133 voluptati
347 3068 417 3113 esse
444 3067 512 3112 non
544 3047 660 3131 miror,
695 3069 768 3112 cum
796 3049 905 3115 omnia
934 3051 1047 3113 nostra
1074 3048 1209 3133 perinde
1237 3071 1277 3117 aa
1303 3070 1364 3115 nos

155 3172 256 3218 ames.
288 3151 359 3236 ipse
382 3171 455 3216 cum
475 3150 616 3215 maxime
638 3149 833 3234 vindemias,
864 3151 1003 3237 graciles
1026 3150 1171 3236 quidem,
1200 3151 1395 3218 uberiores?

154 3257 266 3320 tamen
293 3274 390 3340 quam
419 3256 681 3338 expectaueram,
712 3252 845 3338 collig03
872 3253 900 3317 si
929 3252 1080 3340 colligere
1108 3255 1158 3319 est
1184 3276 1252 3319 non
1273 3276 1365 3321 num·

157 3378 255 3444 quam
269 3357 443 3442 decerpere
455 3379 567 3439 uvam,
589 3356 751 3422 torculum
773 3356 928 3442 invisere,
953 3357 1125 3444 degustare
1147 3356 1186 3423 de
1208 3355 1283 3425 lecu
1296 3380 1365 3424 mu·

164 3540 363 3561 -ἀ-Δδῌ

227 3681 440 3755 lquemquam]
460 3700 574 3752 qnemr
676 3685 827 3753 uirginiurn
843 3687 872 3733 Ill
889 3685 1057 3752 uerginiou
1138 3690 1167 3739 in
1185 3689 1367 3755 praedicandi

158 3757 202 3804 Dr
219 3755 248 3805 in
267 3754 428 3821 praecautio
445 3757 472 3804 Η
542 3759 558 3807 3
575 3759 725 3821 prouectus
743 3757 771 3804 ll
790 3761 952 3822 prouentum
970 3770 984 3806 r
1063 3758 1080 3807 4
1099 3757 1215 3809 referret
1232 3760 1308 3814 15⁸
1323 3773 1367 3809 re·

158 3823 233 3876 lerro
250 3825 312 3887 Dpr
364 3824 486 3876 clunium
504 3825 577 3880 Μςιι
596 3824 719 3874 clunium
736 3838 753 3886 p
772 3823 1104 3876 cluniumrdiuinumu
1157 3825 1259 3878 otides
1277 3827 1365 3878 omn

226 3892 243 3942 6
260 3891 333 3942 uelis
349 3894 377 3941 ll
395 3892 485 3944 uelles
502 3893 589 3956 Dpra
675 3895 691 3943 7
709 3892 815 3944 adhoc
834 3891 881 3943 ille
898 3897 965 3941 tuno
984 3895 1099 3960 ignoras
1117 3894 1194 3945 claui
1210 3896 1239 3943 Ι
1258 3894 1295 3945 ad
1314 3894 1366 3945 hoc

158 3965 191 4011 tu
209 3960 304 4012 cluuio
323 3959 399 4011 cluui
418 3960 494 4012 cluui
515 3977 568 4012 nec
591 3966 623 4013 tu
645 3961 655 4010 i
675 3977 759 4012 noras
776 3963 798 4010 1)
823 3959 948 4010 adhaec
972 3966 1002 4011 tn
1020 3978 1037 4014 o
1056 3962 1132 4013 eluui
1156 3961 1231 4013 eluui
1253 3979 1269 4015 o
1288 3962 1366 4014 eluui

158 4045 211 4081 nec
230 4035 261 4080 tu
278 4029 393 4094 ignoras
410 4043 427 4092 p
445 4029 480 4079 ad
497 4030 551 4080 hoc
570 4035 599 4079 tu
619 4045 634 4079 ο
653 3978 737 4080 ilani
755 4027 849 4096 (Cluui
866 4024 891 4096 r)
914 4033 945 4078 tu
963 4045 998 4079 no
1021 4035 1052 4082 tu
1074 4032 1188 4098 ignoras
1205 4043 1243 4087 ις
1265 4036 1296 4081 at
1313 4031 1366 4082 hoc

106 4138 109 4143 .
159 4097 290 4149 seculum*
300 4096 381 4148 Cluui
400 4112 436 4148 ne
449 4102 480 4147 tu
492 4099 607 4165 ignoras
620 4113 637 4146 a
655 4098 689 4148 ad
708 4097 762 4148 hoc
780 4097 925 4155 cirillum,
945 4095 1027 4148 Cluui
1046 4115 1099 4150 uae
1117 4105 1148 4150 tu
1167 4101 1280 4162 ignoras
1293 4103 1365 4165 culpo

226 4169 243 4219 8
261 4165 343 4218 uobis
360 4167 434 4222 115·
451 4166 531 4216 nobis
549 4168 613 4230 Dpr
682 4166 819 4232 agendum
839 4164 952 4215 huual)
1022 4169 1038 4217 9
1057 4167 1110 4217 tibi
1129 4169 1237 4234 partior
1254 4169 1282 4216 lt
1300 4183 1366 4234 par-

157 4236 214 4286 tior
230 4235 284 4286 tibi
299 4248 336 4299 pr
417 4236 448 4285 11
468 4235 626 4299 impersit)
715 4237 747 4285 12
765 4236 852 4285 uitam
869 4246 931 4296 psa
1013 4236 1227 4303 131egeudals
1296 4233 1363 4303 uno}

158 4304 283 4354 uranu
354 4304 386 4354 15
404 4302 536 4368 cuiusque
555 4307 730 4368 potestpsa
747 4303 825 4353 cuius
844 4317 926 4367 quarn
945 4307 1071 4367 potcstr
1140 4307 1171 4355 16
1190 4301 1286 4371 quam]
1310 4298 1366 4372 qua

157 4371 180 4420 D
249 4374 399 4436 licenter
418 4369 639 4437 culpandusne
665 4377 764 4422 neuter
792 4370 902 4436 quidem
926 4369 1081 4437 culpandus
1098 4375 1163 4437 ltpr
1189 4378 1289 4424 neuter
1308 4372 1364 4425 cul·

157 4439 264 4505 paudus
281 4447 325 4492 est
343 4441 489 4492 Cannaene
577 4442 608 4490 19
628 4438 738 4490 debitus
755 4455 770 4489 r
840 4440 910 4489 alter
929 4440 1069 4505 mauultp

225 4559 277 4610 XX
294 4563 328 4613 25
345 4557 440 4628 miror]
461 4559 548 4610 minor
565 4559 593 4609 ll
690 4561 723 4610 26
742 4576 805 4610 cum
824 4560 942 4611 maxime
960 4564 1060 4627 lupa
1077 4577 1139 4613 cum
1159 4561 1249 4616 absim
1267 4576 1281 4616 ι·
1301 4577 1363 4617 oum

158 4625 234 4677 obsis
252 4640 269 4683 ς
338 4630 372 4682 ‘28
390 4627 540 4698 degustare
558 4629 587 4676 Ι
604 4630 719 4695 gustare
735 4643 796 4696 pra
813 4633 938 4684 mustus
952 4633 978 4684 u
