2934 4966
171 278 234 343 214
698 292 730 343 c.
755 295 853 344 rnna

140 447 236 514 idas.
272 446 450 513 adstruitur
472 448 523 514 his
546 459 631 516 ‘oum
653 450 780 515 senatui
802 449 984 536 populoque
999 448 1147 516 Romano
1169 446 1382 517 liberalitatis

169 548 294 635 gratior
316 552 552 634 repraesentari
579 551 670 617 nulla
691 551 828 616 materia
849 552 966 638 possit,
995 552 1143 637 quamsi
1166 550 1390 621 abstinentis.

168 650 243 716 simi
258 650 501 738 fidelissimique
522 653 663 720 custodis
679 652 910 739 principalium
925 676 1023 739 opum
1037 653 1211 720 facultates
1226 655 1382 721 adiurare

170 753 388 840 contigisset’.
423 754 485 822 hoc
506 760 585 821 tanc
607 760 718 822 votum
739 761 888 839 senatus,
910 754 973 821 hoc
988 756 1199 842 praecipuum
1220 757 1381 842 gandium

169 855 297 941 populi,
321 855 402 922 haec
423 857 629 924 liberalitatis
650 859 788 924 materia
810 858 1012 944 gratissima,
1044 858 1076 923 si
1094 856 1256 923 Pallantis
1278 858 1405 925 facul-⁵

140 959 254 1024 8tates
276 959 426 1026 adiuvare
441 960 644 1046 publicarum
662 982 760 1047 opum
774 961 940 1046 egestione
964 960 1179 1046 contingeret.
1214 958 1283 1026 iam
1298 984 1382 1047 quae

169 1067 364 1148 sequuntur,
389 1063 526 1129 voluisse
548 1061 677 1148 quidem
698 1065 847 1129 serratum
869 1084 1001 1129 censere
1023 1062 1166 1129 dandum
1188 1083 1229 1127 ex
1252 1063 1382 1129 aerario

169 1159 352 1229 sestertium
376 1166 497 1230 centies
520 1164 750 1250 quinquagies,
780 1168 814 1230 et
835 1168 957 1250 quanto
986 1165 1027 1230 ab
1055 1164 1233 1231 eiusmodi
1257 1165 1380 1251 cupidi·

169 1265 291 1332 tatibus
313 1268 465 1331 remotior
487 1267 554 1332 eius
570 1268 694 1332 animus
717 1269 817 1349 esset,
839 1269 933 1333 tanto
955 1266 1123 1352 inpensius
1144 1255 1258 1354 petere
1280 1290 1301 1333 a
1321 1290 1381 1353 pu-

141 1366 255 1432 oblico
276 1371 413 1453 parente
435 1372 472 1434 ut
493 1390 566 1433 eum
588 1367 794 1453 compelleret
809 1368 850 1432 ad
873 1368 1051 1435 cedendum
1072 1370 1225 1436 senatui,
1244 1370 1281 1435 id
1300 1391 1381 1435 vero
1393 1386 1416 1424 ¹⁰

106 1546 108 1550 ,
171 1469 298 1551 deerat,
321 1474 358 1535 ut
380 1493 452 1537 euru
466 1470 616 1536 Pallante
639 1471 833 1537 auctoritate
856 1471 987 1556 publica
1001 1474 1169 1557 ageretur,
1196 1470 1307 1537 Pallas
1330 1492 1381 1537 ro

170 1574 303 1657 geretur
336 1576 372 1638 ut
402 1573 530 1638 senatui
562 1572 702 1655 cederet,
736 1558 774 1638 it
806 1572 856 1637 illi
882 1572 1131 1658 superbissimae
1156 1573 1380 1641 abstinentiae

171 1672 292 1740 Caesar
318 1675 388 1761 ipse
411 1675 584 1741 advocatus
607 1678 708 1758 esset,
737 1696 780 1740 ne
808 1675 993 1741 sestertium
1016 1674 1140 1741 centies
1161 1675 1380 1763 quinquagies

95 1853 98 1859 ⁴
170 1782 346 1860 sperneret.
380 1778 518 1862 sprevit,
538 1776 632 1863 'quod
654 1776 759 1842 solum
780 1777 888 1862 potuit
908 1778 1012 1842 tantis
1034 1772 1302 1863 opibus-publice
1324 1779 1386 1853 ob,

124 1877 246 1943 lOlatis
269 1879 479 1965 adrogantius
500 1882 624 1963 facere,
650 1880 796 1963 quamsi
819 1881 1008 1964 accepisset.
1048 1883 1182 1945 senatus
1203 1883 1319 1947 tamen
1345 1881 1379 1947 id
1392 1896 1412 1937 1⁵

171 2002 296 2067 quoqne
323 1981 438 2047 similis
466 1981 614 2067 querenti
641 1980 790 2046 laudibus
812 1981 905 2064 tulit,
934 1981 985 2046 his
1012 1982 1142 2068 quidem
1159 1983 1294 2050 rerbis:
1322 1984 1379 2050 sed

173 2105 245 2150 cum
279 2084 430 2169 princeps
458 2084 597 2169 optimus
627 2104 808 2168 parensque
833 2082 982 2168 publicus
1015 2088 1148 2170 rogatus
1176 2107 1196 2150 a
1224 2084 1378 2153 Pallante

171 2208 242 2252 eam
265 2191 390 2270 partem
412 2186 594 2251 sententiae
609 2207 690 2270 qnae
716 2185 901 2270 pertinebat
923 2185 963 2250 ad
978 2185 1121 2252 dandum
1143 2187 1174 2252 ei
1189 2208 1228 2252 ex
1251 2187 1379 2255 aerario

171 2289 354 2355 sestertium
369 2289 499 2353 centies
512 2287 727 2373 quinquagies
748 2286 871 2352 remitti
886 2285 1053 2370 voluisset,
1077 2287 1193 2353 testari
1214 2293 1377 2373 senatum,

171 2391 233 2457 etsi
255 2391 395 2456 libenter
417 2412 455 2455 ac
477 2390 592 2455 merito
615 2389 700 2454 hanc
721 2411 881 2454 summam
902 2389 989 2455 inter
1010 2389 1150 2477 reliquos
1171 2389 1313 2458 honores
1336 2392 1411 2458 oba

170 2494 267 2560 fidem
282 2493 548 2580 diligentiamque
564 2491 706 2556 Pallanti
721 2491 893 2557 decernere
909 2493 1076 2576 coepisset,
1088 2492 1252 2559 voluntati
1267 2483 1378 2561 tamen

171 2596 328 2684 principis
344 2595 410 2678 sni,
434 2594 486 2660 cui
507 2594 541 2658 in
564 2592 652 2659 nulla
667 2615 702 2658 re
723 2592 774 2658 fas
794 2597 926 2680 putaret
939 2615 1140 2680 repugnare,
1162 2594 1200 2661 in
1221 2595 1286 2663 hac
1300 2619 1378 2683 quo

124 2700 161 2764 11
171 2721 233 2785 que
248 2721 283 2764 re
297 2697 439 2781 obsequi.
478 2697 657 2782 imaginare
672 2695 855 2761 Pallantem
871 2696 958 2761 velut
973 2696 1227 2764 intercedentem
1244 2703 1377 2766 senatus

173 2801 318 2869 consulto
332 2800 613 2883 moderantemque
629 2798 765 2863 honores
792 2819 866 2862 suos
881 2802 914 2863 et
934 2799 1117 2864 sestertium
1140 2801 1264 2866 centies
1285 2801 1378 2887 quin·

172 2903 306 2991 quagies
329 2906 365 2967 ut
387 2901 523 2966 nimium
545 2904 764 2983 recusantem,
780 2922 868 2965 cum
888 2900 1052 2986 praetoria
1074 2906 1269 2968 ornamenta
1294 2907 1410 2969 tam-a

124 3005 163 3070 12
171 3028 269 3093 quam
290 3005 396 3070 minus
419 3003 608 3088 recepisset:
632 3003 811 3088 imaginare
826 3002 998 3082 Caesarem
1020 3003 1128 3070 liberti
1144 3005 1303 3091 'precibus
1328 3001 1377 3070 v'el

171 3108 278 3195 potius
300 3107 434 3192 imperio
450 3127 557 3171 coram
573 3108 688 3169 senatu
702 3105 981 3189 obtemperantem
1003 3107 1156 3192 (imperat
1178 3107 1267 3173 enim
1282 3106 1377 3172 liber·

172 3214 224 3275 tus
247 3215 399 3294 patrono,
423 3231 518 3293 quem
541 3209 575 3273 iu
598 3212 712 3272 seriata
734 3210 858 3295 rogatlz
888 3208 1069 3294 imaginare
1092 3213 1240 3274 senatum
1264 3233 1377 3296 usque

172 3334 297 3397 quaque
322 3315 495 3375 testantem
512 3312 625 3376 arerito
652 3310 852 3394 libenterque
875 3334 909 3374 se
932 3309 1017 3376 hano
1039 3334 1198 3376 summam
1219 3313 1307 3376 iuter
1330 3336 1376 3376 rc·

173 3415 275 3500 liquos
308 3413 446 3479 honoros
478 3413 618 3478 Pallanti
653 3412 796 3497 coepisse
829 3412 1001 3477 decernere
1029 3416 1062 3477 et
1095 3417 1412 3498 perseveraturuma

242 3625 255 3673 1
276 3623 411 3674 astruitur
427 3623 494 3672 iisr
546 3621 669 3671 Romano
687 3636 734 3672 om.
752 3622 808 3680 tir,
829 3621 890 3673 acici.
909 3634 927 3668 a
986 3623 1002 3670 ‘2
1026 3621 1130 3686 gratior
1148 3633 1187 3677 §a
1204 3621 1314 3688 gratias
1334 3623 1379 3672 dir

208 3697 302 3759 posset
319 3707 336 3740 a
404 3693 420 3741 6
439 3706 519 3756 οριιιιι
539 3692 589 3738 Ma
607 3704 695 3739 reram
714 3701 729 3736 r
779 3687 834 3737 iam
853 3703 923 3752 quae
941 3692 1112 3754 sequuntur?
1134 3691 1256 3741 voluisse
1275 3698 1325 3744 ete.
1344 3693 1379 3753 G.

173 3760 210 3810 H.
229 3761 386 3823 Satireseras
489 3762 504 3809 7
523 3764 650 3808 senatum
669 3760 783 3806 censore
800 3755 919 3805 dandum
939 3765 967 3808 ct
986 3759 1077 3808 erario
1095 3759 1156 3809 PPs
1175 3761 1279 3810 centies
1298 3761 1379 3825 quin·

174 3829 291 3894 quagies
309 3833 338 3879 et
357 3832 489 3893 quantum
508 3841 522 3875 r
641 3829 657 3876 o
677 3824 827 3889 impensius
851 3832 980 3889 proterea
999 3827 1111 3890 publico
1129 3833 1247 3893 parents
1266 3833 1298 3878 ut
1317 3843 1379 3877 eum

174 3896 339 3962 compellere
357 3910 371 3944 r
388 3896 540 3962 impensius
559 3898 653 3958 petere
672 3899 702 3943 ut
720 3890 900 3956 compelleret
918 3894 1065 3946 Caranusca
1164 3898 1196 3947 10
1214 3911 1279 3947 vero
1296 3913 1345 3946 ons.
1363 3909 1381 3944 a

244 3966 274 4014 11
293 3964 408 4031 publica
420 3964 613 4013 auctoritatcr
660 3965 691 4012 13
710 3960 816 4011 Caesar
833 3962 892 4027 ipse
911 3967 1045 4027 patronus
1062 3966 1123 4031 ipse
1143 3965 1332 4015 aduocaretur
1344 3979 1379 4012 ne

174 4046 191 4082 a
209 4031 315 4084 Caesar
332 4034 392 4099 ipse
411 4037 545 4096 patronus
564 4030 749 4080 aduocaretnr
765 4045 800 4078 nc
818 4033 890 4095 eritpo
944 4033 975 4080 15
994 4031 1175 4097 adrogantius
1194 4033 1289 4085 facere
1308 4033 1380 4087 lisa

174 4102 348 4167 arregaitius
366 4102 473 4152 faceret
489 4114 503 4148 r
521 4100 697 4164 arrogantius
716 4098 785 4149 tecit
802 4101 874 4162 culpo
945 4103 976 4150 18
1004 4103 1164 4166 pertinebat
1181 4117 1215 4152 ex
1233 4100 1325 4151 erario
1344 4101 1379 4149 ad

174 4169 294 4220 dandum
313 4171 339 4221 ei
358 4169 549 4220 sestertiumr
627 4170 657 4218 19
677 4166 782 4217 cantica
801 4168 987 4232 quinquagies
1006 4171 1165 4222 sestertium
1183 4185 1200 4219 a
1269 4172 1303 4217 '20
1323 4168 1379 4218 ctsi

175 4237 374 4290 libenterret
392 4254 423 4288 sc
442 4238 561 4288 libenter
579 4238 628 4285 Ma
697 4239 1144 4290 summamlltsasententiamr
1211 4238 1243 4286 at
1264 4235 1379 4286 Pallan·

175 4307 211 4356 tis
229 4323 246 4356 a
316 4311 457 4372 coepisset
475 4306 619 4356 Grataaaens
638 4307 762 4370 coepisse
781 4304 829 4351 lta
855 4304 994 4370 cepisset
1063 4311 1096 4358 22
1116 4305 1250 4372 principis
1270 4304 1313 4353 sui
1333 4307 1380 4355 cui

174 4373 329 4439 imaginare
343 4375 499 4426 Pallantem
526 4372 603 4424 uelut
629 4372 845 4424 intercedentem
869 4381 984 4425 sanatus
1010 4393 1040 4427 re
1064 4375 1198 4437 obsequio
1223 4372 1380 4436 imaginare

176 4443 304 4494 consulto
324 4459 339 4492 r
426 4444 470 4493 cui
488 4442 573 4492 mulla
585 4458 614 4493 rc
632 4458 649 4492 a
667 4443 710 4494 cui
729 4441 808 4491 nulla
827 4457 856 4490 ro
877 4443 970 4493 Altina-¹
1056 4446 1089 4494 ‘26
1108 4437 1209 4506 minus]
1232 4457 1333 4492 munus
1349 4441 1381 4492 τ’

261 4510 386 4563 libertini
403 4514 437 4562 r*
525 4513 558 4560 ‘ti
578 4512 696 4576 imperat
714 4512 787 4565 enim
805 4527 852 4560 ora.
871 4524 886 4558 r
979 4516 1013 4564 30
1031 4514 1274 4578 perseueraturum
1294 4511 1381 4563 inisse

172 4579 436 4646 aspernaretur
453 4580 540 4632 fuisse
558 4594 572 4631 r
590 4584 830 4649 perseueraturum
850 4580 936 4630 fuisse
954 4596 984 4631 se
1003 4595 1021 4630 a
