2934 4966
452 326 704 380 nrrsromauu
726 326 818 377 vnn.
841 323 867 373 a.
890 322 932 373 ιο.
955 321 997 372 ιι.
1021 321 1089 376 ra,
1294 305 1356 373 241

150 479 265 568 possit.
297 481 407 568 itaque
429 480 598 551 Minervae
618 486 748 551 tanturn
770 481 974 549 serviendum
997 485 1063 564 est,
1086 474 1390 565 delicatetamenst

151 584 246 650 utin
267 605 395 651 secessu
417 588 605 666 etaestate.
639 587 676 654 in
696 588 750 653 via
770 585 869 674 plane
890 606 958 651 non
979 582 1071 649 nulla
1091 583 1213 650 leviora
1233 582 1359 648 statim·
1428 642 1431 646 ,

151 708 214 774 que
236 685 372 754 delenda
394 710 433 755 ea
454 690 663 777 garrulitate,
692 713 757 777 qua
784 709 948 755 sermones
969 687 1005 754 in
1028 685 1174 754 vehiculo
1195 689 1357 771 seruntur,

152 791 293 858 extendi.
332 791 383 859 his
414 794 572 880 quaedam
601 792 709 859 addidi
736 792 772 858 in
800 791 895 878 uilla,
929 813 1002 858 cum
1032 790 1119 856 aliud
1142 811 1210 856 non
1232 789 1357 856 liberet.

120 893 262 982 sitaque
283 898 433 982 poemata
455 897 640 983 quiescunt,
672 917 754 983 quae
779 898 817 961 tu
840 895 927 960 inter
947 916 1081 960 nemora
1109 898 1143 959 et
1163 892 1253 959 lucos
1275 915 1359 958 oom-

151 997 336 1064 modissime
358 999 469 1085 perfici
491 1005 604 1086 putas:
633 997 871 1065 oratiunculam
893 1020 992 1064 unam
1015 997 1151 1063 alteram
1172 994 1390 1063 retractari.3

109 1141 117 1147 -
153 1122 347 1188 quamquam
368 1102 402 1167 id
423 1123 528 1189 genus
550 1102 656 1189 operis
678 1101 870 1186 inamabile,
893 1101 1100 1167 inamoenum
1122 1100 1291 1188 magisque
1312 1098 1359 1164 la·

153 1203 285 1270 boribus
305 1204 390 1271 ruris
411 1226 509 1293 quam
531 1205 752 1292 voluptatibus
773 1202 889 1270 simile.
923 1205 1007 1270 vale.

199 1443 202 1452 ,
728 1375 787 1444 n.

110 1486 154 1540 ω’
504 1501 535 1556 C.
555 1498 707 1555 PLINIUS
727 1499 872 1554 (trunto
891 1498 963 1552 SUO
981 1499 1010 1552 S.

144 1698 147 1704 Α
238 1616 422 1704 Epistulam
448 1620 539 1684 tuam
565 1618 832 1684 iucundissimam
860 1617 987 1703 occepi,
1022 1638 1059 1683 eo
1087 1617 1242 1700 maxime,
1276 1615 1388 1703 quodi

127 1762 131 1768 ·
153 1718 275 1807 aliquid
295 1721 337 1787 ad
357 1724 392 1787 te
414 1721 512 1788 scribi
532 1722 679 1806 volebas,
710 1720 794 1808 quod
814 1719 906 1785 libris
927 1719 1028 1787 inseri
1049 1723 1167 1806 posset.
1208 1719 1360 1785 obveniet

152 1824 304 1910 materia,
327 1823 378 1891 vel
392 1824 473 1892 haec
493 1825 566 1912 ipsa
581 1846 678 1911 quam
692 1826 855 1890 monstras
877 1823 928 1888 vel
944 1823 1050 1909 potior
1072 1823 1146 1889 alia.
1180 1828 1258 1889 sunt
1273 1823 1360 1888 enim

152 1927 189 1993 in
216 1916 278 1993 hae
305 1927 499 2017 offendicula
527 1950 595 1994 non
623 1927 730 1993 nulla:
766 1927 938 1993 circumfer
964 1925 1089 2009 oculos,
1119 1929 1153 1990 et
1179 1927 1360 1993 occurrent.
1437 2012 1442 2020 Δ

116 2037 142 2078 ¹⁵
152 2029 346 2117 bibliopolas
359 2031 523 2118 -Lugduni
553 2053 623 2097 esse
651 2053 716 2096 non
744 2030 918 2117 putabam,
949 2051 988 2095 ac
1016 2031 1108 2095 tanto
1135 2029 1290 2096 libentius
1321 2027 1391 2097 ex2

152 2133 271 2199 litteris
291 2133 358 2199 tuis
380 2135 518 2220 cognovi
539 2133 699 2199 venditari
721 2132 847 2198 libellos
869 2129 974 2216 meos',
998 2132 1114 2218 quibus
1136 2155 1272 2221 peregre
1293 2156 1361 2200 ma·

152 2247 231 2301 nere
251 2236 408 2322 gratiam,
430 2258 528 2323 quam
550 2236 586 2301 in
608 2236 688 2303 urbe
711 2235 919 2322 collegerint,
944 2234 1095 2301 delector.
1128 2236 1250 2322 incipio
1272 2238 1360 2303 enim

153 2338 233 2403 satis
261 2338 444 2405 absolutum
471 2338 672 2424 existimare,
701 2338 741 2404 de
769 2360 832 2425 quo
859 2343 953 2404 tanta
978 2339 1166 2406 diversitate
1189 2339 1361 2426 regionum

152 2441 293 2506 discreta
313 2441 482 2509 hominum
503 2441 623 2508 iudicia
646 2445 863 2511 consentiunt.
896 2442 979 2510 vale.

645 2612 800 2681 'XII

508 2737 539 2795 0.
558 2736 709 2790 PLINIUS
726 2737 874 2791 IUNIORI
891 2737 969 2797 SUO·
978 2737 1006 2790 S.

239 2852 431 2940 Castigabat
440 2854 571 2942 quidam
585 2854 686 2920 filium
699 2877 802 2939 suum,
819 2854 903 2941 quod
917 2854 1015 2941 paulo
1030 2856 1247 2942 sumptuosius
1263 2857 1389 2944 equosl

150 2959 187 3020 et
211 2977 306 3023 canes
321 2962 451 3024 emeret.
485 2957 562 3024 huic
578 2981 639 3045 ego
660 2959 776 3023 iuvene
792 2958 936 3044 digresso
958 2957 1049 3024 ‘heus
1064 2961 1117 3045 tu,
1141 2981 1361 3046 numquamne
1394 3038 1403 3046 q

150 3057 260 3123 fecisti
282 3060 367 3146 quod
389 3084 409 3127 a
431 3065 525 3148 patre
539 3062 666 3151 'corripi
697 3060 830 3146 posset?
856 3062 964 3129 fecisti
987 3062 1082 3128 dico?
1108 3085 1176 3130 non
1197 3063 1361 3130 interdum

105 3172 135 3211 ἔ·
150 3160 235 3226 lacis
257 3164 343 3250 quod
364 3164 450 3230 filius
472 3168 564 3251 tuus,
595 3166 624 3230 si
644 3167 778 3250 repente
801 3169 895 3257 pater
916 3164 985 3251 ille,
1007 3169 1045 3230 tu
1066 3165 1170 3252 filius,
1192 3168 1264 3252 pari
1287 3187 1361 3254 gra·

152 3352 359 3367 *0*—

207 3460 235 3506 ,1
256 3460 365 3524 possint
381 3462 404 3509 1)
473 3458 634 3522 delicatap
714 3463 779 3512 tet
797 3466 906 3512 aestate
927 3466 1036 3512 etater
1104 3460 1230 3519 laeuiora
1247 3463 1276 3510 Ι
1344 3465 1362 3514 3

151 3522 272 3578 delenda
291 3542 325 3577 ea
344 3527 511 3594 garrulitate
529 3530 606 3582 Ηςιι
628 3529 764 3580 detortas
787 3531 954 3596 garrulitate
971 3532 994 3579 n
1020 3528 1140 3581 delenda
1159 3545 1176 3581 a
1194 3529 1361 3596 garrulitate

151 3607 169 3655 p
186 3593 304 3646 deiende
323 3613 358 3647 ea
376 3614 393 3648 a
411 3597 609 3663 garrulitates·
677 3598 708 3647 in
725 3598 853 3649 uehiculo
872 3603 1002 3649 seruntur
1019 3600 1070 3647 lla
1087 3598 1217 3650 uehiculo
1235 3598 1363 3649 seruatur

152 3675 190 3724 pr
207 3663 335 3715 uehiculo
354 3672 484 3716 seruntur
501 3680 518 3722 ς
536 3664 625 3717 nihilo
643 3666 773 3717 feruntur
795 3669 818 3716 11
887 3671 904 3717 4
921 3668 950 3717 in
968 3667 1064 3719 uillam
1083 3682 1100 3716 a
1170 3663 1242 3734 cum]
1261 3681 1323 3719 cam
1335 3667 1362 3716 Π

223 3734 403 3797 bquIescent
419 3736 447 3783 ll
466 3739 631 3787 accrescent
649 3735 820 3786 llommsenus
905 3734 1042 3803 dpertici]
1056 3737 1213 3803 perspicit
1298 3735 1362 3787 tid

153 3812 242 3864 genna
259 3802 333 3858 trra
351 3811 380 3853 et
398 3819 485 3870 genua
502 3807 566 3866 ltpr
681 3804 831 3855 inamabile
849 3808 1025 3856 inamoenum
1043 3807 1094 3855 Ila
1111 3812 1141 3856 et
1158 3803 1313 3855 inamabile
1334 3809 1362 3854 ct

153 3868 330 3921 inamoenum
347 3883 383 3927 ις
401 3879 429 3922 et
447 3872 613 3925 infamabile
634 3877 662 3922 et
680 3876 859 3924 amoennmll
878 3880 907 3925 et
925 3876 954 3924 in
973 3876 1048 3925 lama
1064 3875 1123 3925 uile
1142 3883 1170 3925 et
1188 3886 1361 3935 amoenump

222 3937 263 3991 XI
290 3943 323 3992 10
351 3939 495 3992 GEMINO
514 3942 565 4005 lp
585 3941 744 3993 GEMINIO
762 3943 850 3998 Βτςι
965 3948 994 3994 11
1016 3943 1243 3995 iucundissimam
1262 3941 1362 4006 accepi

152 4005 180 4054 11
198 4007 424 4060 iucundissimam
442 4012 538 4076 recepi
556 4012 623 4065 11ςι
640 4010 836 4062 iucundissime
855 4013 947 4077 recepi
965 4027 1002 4076 pr
1063 4015 1095 4063 12
1114 4029 1131 4062 a
1149 4017 1177 4062 te
1196 4012 1221 4060 n
1275 4009 1362 4060 libros

152 4090 222 4129 corr.
243 4078 301 4128 —is
319 4080 347 4126 Μ
433 4079 557 4144 possitp
643 4078 834 4143 obueniatpa
921 4083 953 4132 13
977 4081 1069 4147 potior
1087 4081 1145 4131 alia
1160 4081 1235 4135 Πςο
1252 4078 1362 4145 potiora

153 4143 293 4210 alialtpr
363 4149 395 4196 14
412 4146 441 4196 in
459 4147 515 4197 hac
534 4161 574 4203 ςα
591 4147 619 4197 in
639 4147 711 4197 hanc
729 4149 838 4210 mom.
855 4151 919 4210 npr
979 4149 1193 4212 circunteropa
1263 4149 1295 4197 15
1312 4145 1362 4212 by·

152 4212 291 4280 bliopolas
308 4216 337 4265 nt
404 4215 553 4279 lugdinilt
625 4232 657 4266 ex
677 4215 734 4266 tuis
752 4216 855 4267 litteris
874 4231 910 4280 pr
979 4221 1011 4268 16
1033 4217 1175 4269 venditari
1194 4217 1232 4267 ibi
1251 4213 1362 4266 libellos

151 4281 323 4335 Illommaemas
410 4284 510 4349 quibus
527 4287 599 4339 Μςι
617 4286 664 4350 qui
682 4286 747 4348 Dpr
833 4289 865 4336 17
884 4288 913 4336 in
931 4285 1049 4348 urbesp
1132 4283 1297 4350 collegerint
1314 4284 1363 4334 Ἅι

152 4350 329 4419 collegerunt
346 4364 381 4408 ις
399 4351 521 4417 legerint
536 4354 581 4416 llp
635 4353 758 4407 delector
775 4371 823 4406 om.
841 4356 918 4419 Ilpr,
941 4356 1003 4405 add.
1022 4356 1095 4410 Ηςι
1147 4356 1180 4404 19
1199 4353 1362 4419 discrepata

151 4431 169 4468 a
239 4421 409 4471 dissentiunt
426 4435 442 4483 p
459 4419 622 4472 desentiunt
639 4424 661 4471 D

220 4488 276 4541 XII
293 4491 326 4540 21
343 4489 450 4542 IUNIO
468 4491 496 4538 ll
565 4492 599 4540 22
617 4491 765 4557 quidemn
835 4495 869 4543 23
888 4492 987 4543 emerit
1004 4494 1067 4555 ilpr
1088 4495 1195 4542 emerat
1212 4489 1361 4543 Beroaldus

149 4554 436 4676 {ifretnmarmandm
453 4561 480 4610 in
498 4559 566 4611 Stat.
584 4561 641 4615 ailo.
664 4562 689 4612 V
707 4564 739 4626 3,
758 4564 810 4612 209
880 4563 914 4612 ‘24
931 4561 1056 4627 possita
1124 4562 1159 4612 25
1176 4563 1206 4610 tu
1225 4555 1316 4624 lilius]
1330 4559 1361 4609 in

182 4641 224 4676 ros

112 4765 115 4772 Ι
198 4711 483 4757 inanimantium
662 4691 667 4697 ’
1148 4717 1186 4766 tt,
