2934 4966
149 250 209 317 168
649 263 705 313 -ο,
728 264 828 315 etun

146 421 241 488 foede
262 419 451 502 manifesto,
473 441 556 506 quoe
576 419 634 487 ille
662 441 736 487 cnm
756 419 879 486 diluere
899 439 969 484 non
982 421 1108 503 posset,
1130 417 1181 485 its
1199 417 1353 506 regessit,
1394 434 1397 438 ·
1435 490 1441 499 ,

146 527 200 607 ut,
223 522 300 587 dum
322 520 524 607 defenditur,
547 524 669 609 turpis,
691 522 769 588 dum
783 525 931 604 uccttsnt,
954 521 1133 589 sceleratus
1146 522 1353 608 probaretur.
1443 540 1446 545 ·

147 626 297 708 corrupto
319 623 407 688 enim
428 624 554 691 scribae
582 647 675 691 servo
695 626 916 711 interceperat
942 624 1194 691 commentitios
1219 625 1356 691 interei-

145 726 300 812 deratque
329 747 368 791 ee
395 747 455 811 per
481 748 642 793 summum
662 727 758 793 nefus
779 726 932 792 utebatur
952 724 1107 791 edversns
1128 728 1272 793 emitum
1292 727 1355 795 cri·

116 829 233 896 bmine
255 850 324 894 suo.
367 828 448 894 feeit
475 828 692 914 pulcherrime
714 830 850 897 Cumcr:
886 849 955 895 non
982 827 1070 893 euim
1097 827 1138 894 de
1165 826 1380 915 Bruttianus
1436 844 1440 851 ·

147 932 204 998 sed
225 931 337 997 statim
358 930 398 996 de
419 932 788 1019 Atticinoperrcguvit.
831 931 1007 997 demotus
1029 934 1063 996 et
1083 930 1121 996 in
1140 929 1285 997 insulem
1304 954 1356 998 re·

146 1035 291 1122 legatus:
313 1033 488 1100 Bruttiano
502 1033 715 1103 iustissimum
727 1033 929 1121 integritatis
949 1032 1171 1099 testimonium
1182 1033 1356 1122 redditum,

117 1140 242 1224 tiquem
263 1136 393 1222 quidem
419 1136 517 1201 etium
540 1136 744 1202 constantine
771 1135 877 1223 glorie
902 1138 1015 1201 secuto
1040 1138 1101 1201 est.
1144 1157 1223 1201 nom
1243 1135 1357 1202 defen·

148 1262 203 1305 sus
230 1238 470 1324 expeditissime
508 1238 676 1305 uecnmrit
705 1238 913 1306 vehementer
936 1258 999 1304 uec
1023 1237 1132 1305 minus
1155 1259 1235 1304 scer
1254 1260 1356 1324 quom
1444 1298 1453 1317 ,

119 1341 252 1409 ibcnus
273 1345 307 1407 et
328 1341 474 1407 sincerus
496 1342 659 1427 apperuit.
702 1341 789 1428 quod
818 1340 882 1407 tibi
912 1339 1039 1426 scripsi,
1072 1343 1111 1405 nt
1140 1343 1176 1406 te
1202 1341 1394 1407 sortitumn
1445 1374 1448 1379 ·

148 1443 349 1529 provinciam
369 1465 630 1529 pmemonerem,
661 1444 838 1560 plurimum
869 1442 932 1509 tibi
963 1441 1076 1509 eredes
1108 1463 1171 1509 neo
1203 1442 1357 1529 cuiquem

62 1598 65 1602 .
149 1547 228 1612 sotis
248 1545 347 1629 fidus,
370 1545 486 1611 deinde
508 1547 609 1631 scies,
632 1547 734 1634 siquis
755 1546 841 1613 forte
862 1551 915 1631 te,
938 1546 1024 1633 quod
1039 1545 1225 1630 abominor,
1247 1544 1356 1629 foliot,
1437 1566 1441 1605 ι

119 1651 297 1734 dparutam
318 1647 490 1732 ultionem3
517 1671 583 1734 qno
609 1653 721 1716 tumen
748 1670 790 1714 ne
818 1649 863 1715 sit
890 1669 973 1735 opus
1005 1646 1105 1713 etiem
1126 1652 1224 1733 utque
1256 1647 1358 1713 etium
1436 1612 1442 1727 i

149 1752 291 1816 attende
340 1772 444 1837 neque
476 1751 564 1816 enim
595 1755 666 1816 tum
696 1751 872 1817 ineundum
899 1755 951 1816 est
977 1750 1148 1834 vindicari,
1175 1771 1275 1836 quum
1303 1750 1357 1815 de·

150 1853 214 1938 cipi
236 1852 397 1918 miserum
441 1853 524 1918 vele.

580 2052 590 2068 ·
689 2022 814 2089 XXIII.

495 2145 525 2198 c.
544 2147 696 2199 enimes
715 2146 868 2199 uersum
891 2146 962 2200 suo
980 2146 1008 2199 s,

124 2265 140 2328 1
205 2271 210 2290 ⁴
236 2263 378 2349 Inpense
399 2263 485 2348 petis
506 2270 543 2329 nt
565 2285 664 2351 agam
678 2286 809 2335 causum
830 2264 1051 2350 pertinentem
1073 2260 1115 2328 nd
1129 2283 1241 2329 curum
1254 2265 1358 2347 tunm,

150 2365 319 2452 pulchram
346 2365 467 2451 alioqui
499 2370 533 2431 et
558 2366 728 2432 fumosam.
771 2365 910 2450 fecium,
944 2365 1001 2431 sed
1034 2385 1102 2431 non
1128 2364 1246 2451 grutis.
1290 2366 1360 2451 ‘qni

151 2469 221 2535 fieri
243 2471 367 2553 potest’
395 2467 504 2553 inquis
526 2471 577 2533 ‘nt
602 2490 671 2535 non
700 2469 805 2554 gratis
832 2467 914 2534 tuta
948 2470 1073 2553 potest:
1104 2468 1236 2553 exigam
1269 2467 1395 2535 enimn
1439 2488 1443 2533 I

122 2570 330 2636 2mereedem
356 2569 574 2635 honestiorem
601 2571 746 2657 gratuito
778 2571 976 2655 patrocinio:
1018 2573 1094 2657 peto
1127 2572 1225 2655 utque
1258 2570 1360 2636 etium
1440 2640 1443 2648 ,

151 2673 297 2757 paciscor
323 2676 361 2736 nt
386 2671 483 2737 simul
511 2676 590 2758 agat
618 2671 799 2739 Cremutius
827 2671 927 2738 Ruso.
972 2671 1106 2738 solitum
1131 2670 1195 2738 hoc
1220 2670 1304 2737 mihi
1326 2675 1361 2738 et

151 2775 218 2840 ium
249 2775 286 2840 in
316 2774 464 2860 pluribus
501 2775 598 2840 claris
628 2775 891 2841 adulescentibus
922 2775 1122 2841 factitatum.
1173 2796 1251 2840 nem
1277 2774 1360 2840 mire
1444 2842 1447 2855 ,

153 2877 346 2963 concupisco
382 2877 484 2942 bonos
500 2923 503 2927 Δ
520 2878 653 2944 iuvenes
689 2877 868 2953 ostendere
893 2877 987 2961 foro,
1030 2876 1205 2964 adsignare
1239 2876 1358 2943 fumeo.
1446 2946 1449 2977 Ι

123 2980 237 3066 3quod
266 2980 385 3064 sicui,
420 2984 587 3065 praestare
614 2979 742 3046 Rusoni
768 3001 841 3045 meo
863 2979 964 3046 debeo
992 2977 1044 3044 vel
1071 2982 1206 3065 propter
1230 2979 1396 3047 natolesn
1447 3010 1451 3077 2

152 3080 254 3167 ipsius
276 3081 328 3147 vel
347 3086 480 3168 propter
501 3082 654 3147 eximium
674 3082 740 3148 mei
762 3081 946 3163 ceritatem
968 3102 1065 3166 quem
1085 3080 1200 3167 magni
1221 3079 1360 3146 aestimo
1448 3082 1452 3159 l

123 3182 189 3251 tin
210 3184 313 3248 isdem
334 3184 476 3268 iudiciis,
500 3207 539 3249 ex
553 3185 656 3249 isdem
671 3185 771 3250 etium
785 3184 934 3269 pertibus
950 3184 1095 3269 conspici
1110 3182 1225 3248 audiri.
1247 3182 1360 3269 obligo

154 3305 217 3369 me,
240 3284 351 3371 obliga
379 3290 456 3352 ante
484 3309 580 3372 quem
608 3287 713 3352 dicut:
747 3308 825 3351 nem
853 3308 927 3352 cum
954 3285 1088 3371 dixerit,
1116 3284 1241 3371 gratius
1269 3305 1360 3371 eges.

224 3597 418 3649 lmtniiests.
449 3598 528 3661 Quae
549 3596 599 3648 ille
617 3599 645 3646 II
667 3598 876 3663 manifesteque
899 3594 948 3646 tile
970 3595 1057 3651 lires
1078 3597 1288 3663 menitesttque
1311 3596 1362 3648 ille
1448 3162 1458 3671 i

156 3677 173 3726 p
241 3666 331 3732 possit
347 3669 401 3729 pr·
487 3669 609 3732 regessit
626 3666 769 3717 sichardus
785 3667 904 3716 recessit
920 3664 1019 3728 lese
1037 3666 1127 3730 gessit
1144 3666 1209 3721 Βις
1226 3666 1362 3731 regrorrit

156 3746 173 3796 p
224 3734 494 3800 tintereideratqne
513 3736 586 3789 lise
602 3733 796 3800 inciderutqne
813 3736 876 3797 Dpr
893 3735 1109 3797 inspexerstqne
1127 3735 1299 3785 tronum
1345 3737 1362 3785 t

157 3802 229 3852 euim
247 3818 293 3853 om.
311 3806 355 3866 Dp
422 3803 566 3854 bruttiuno
584 3804 657 3858 Ιίςι
675 3803 822 3853 brnetiuuc
839 3817 856 3866 p
874 3802 1004 3851 brutiano
1015 3802 1060 3862 Itr
1126 3803 1142 3851 t
1160 3802 1279 3853 atticiuo
1290 3803 1363 3865 lp·

157 3872 312 3921 toticinon
329 3871 473 3922 Attuoinio
489 3871 671 3925 reditaeinc
684 3871 831 3922 Coronaeus
889 3871 1052 3935 perroguuit
1068 3871 1140 3932 ltpt
1162 3870 1362 3935 prorogauitlt
1462 3882 1465 3891 ·

123 3936 353 4001 'pronunciavit
369 3952 405 3993 ις
456 3940 486 3988 In
503 3955 550 3989 om,
567 3940 595 3987 n
647 3940 826 3990 Ibruttiano
844 3939 916 3993 tren
934 3938 1080 3988 bructquc
1098 3939 1142 3998 up
1164 3938 1329 3988 brutiruor

157 4005 336 4057 iustissimum
354 4009 528 4072 integritatis
555 4009 744 4059 testimoninm
766 4009 850 4070 Dpru
876 4009 1010 4071 premium
1037 4007 1210 4072 integritatis
1236 4005 1361 4056 iustissi-

158 4077 273 4123 mnmtd
341 4075 524 4140 8glcriseit
596 4078 826 4139 tineeuiqusm
843 4076 887 4137 Dp
968 4077 999 4124 12
1018 4075 1043 4125 si
1063 4075 1124 4140 quis
1141 4075 1232 4129 Πιςι
1250 4078 1277 4123 si
1295 4074 1361 4139 qnid
1413 4078 1419 4088 '

156 4143 269 4205 nquod
287 4145 312 4193 si
330 4144 424 4209 qnisp
495 4146 527 4195 13
546 4143 625 4211 opus]
646 4146 727 4196 huius
744 4147 785 4205 Dp
855 4143 988 4207 adqueli
1058 4146 1193 4208 ltneque
1212 4142 1285 4193 euim
1304 4150 1361 4193 tem
1407 4155 1411 4163 ·

158 4210 228 4264 Ηςι
245 4227 333 4276 neque
352 4219 409 4262 tum
428 4227 442 4261 r
460 4227 532 4277 quac
552 4221 608 4263 tum
627 4216 671 4276 Dp
759 4212 903 4262 uindicare
921 4225 1004 4274 qnam
1022 4211 1123 4276 decepi
1141 4224 1155 4259 r

227 4279 321 4331 xxm
341 4284 371 4331 II
390 4281 543 4333 Tffltfflo
562 4284 612 4337 λίς
617 4297 633 4332 e
650 4280 812 4332 TRAIANO
831 4281 872 4328 Dr
889 4280 991 4331 Frmno
1008 4294 1025 4343 p
1096 4280 1128 4329 18
1146 4293 1260 4329 censum
1279 4294 1362 4343 egem

158 4356 175 4405 Ρ
245 4349 275 4397 to
294 4349 398 4399 taciem
418 4363 500 4412 cnt.p
570 4354 618 4415 qni
637 4350 742 4401 ficri-
709 4348 845 4414 -grntis
862 4367 910 4402 om
928 4349 956 4398 Π
1023 4351 1058 4399 20
1076 4349 1123 4396 tn?
1142 4353 1237 4413 potest
1254 4346 1361 4398 Sicltur·

159 4413 486 4481 ‹Iustitpotesrrupre
555 4421 586 4468 ‘21
607 4420 743 4485 adqneli
794 4420 827 4466 ‘22
847 4418 1014 4482 agatem
1065 4415 1160 4465 rnior
1210 4413 1360 4482 metaris]

161 4479 261 4539 gladiis
278 4485 321 4546 Dp
390 4490 424 4537 ‘25
443 4488 567 4537 rnfcnir
653 4488 859 4548 uomeIom.1i
940 4486 1069 4535 existimo
1088 4485 1117 4533 iu
1134 4483 1241 4534 hisdem
1260 4484 1362 4536 studiis

160 4547 311 4601 etbtsdcm
331 4556 599 4647 etiemprrtibnslt
668 4557 850 4608 drinonis
918 4552 1136 4610 :tSdIettlst
1154 4551 1243 4602 dicam
1254 4552 1317 4619 ltpr
1362 4572 1369 4583 ·
