2934 4966
148 279 213 345 284
555 292 588 344 c.
609 293 708 344 emar
729 294 775 343 ar
796 293 944 344 nuaram

34 477 37 482 ·
62 484 64 491 ·
148 470 228 536 opus
249 448 437 516 inchoatum
451 452 517 535 est,
539 448 690 546 adfirmat
710 449 852 535 parietes
868 448 1203 539 quamquainviginti
1224 451 1260 514 et
1273 446 1354 514 duos

148 553 246 638 pedes
273 553 357 619 latos
383 553 536 645 imposita
555 574 656 621 onera
680 552 841 620 sustinere
861 575 931 621 non
952 573 1063 639 posse,
1093 551 1170 638 quia
1190 551 1261 618 sint
1283 573 1354 628 cae
1420 546 1422 550 ’

118 657 259 724 5mento
279 655 378 722 medii
398 655 477 721 farti
497 677 558 721 nec
579 659 722 722 testaceo
744 676 840 742 opere
854 654 1046 742 praecincti
1077 653 1354 741 Claudiopolitani

148 780 272 845 quoque
294 759 330 823 in
351 757 502 842 depresso
524 757 612 842 loco,
641 759 832 826 imminente
855 758 955 826 etiam
975 759 1103 841 monte,
1131 757 1250 844 iugens
1272 757 1355 825 bali-

147 883 244 927 neum
267 860 434 926 defodiunt
448 862 554 947 magis
575 884 672 947 quam
687 862 876 947 aedificant,
899 865 933 928 et
953 860 1083 947 quidem
1098 880 1137 926 er
1159 882 1199 926 ea
1213 863 1378 945 pecuniae

148 987 244 1050 quam
271 963 422 1030 buleutae
451 964 552 1030 additi
580 965 738 1032 beneficio
766 970 820 1031 tuo
849 969 907 1032 aut
932 966 999 1031 iam
1020 963 1209 1030 obtulerunt
1234 963 1277 1028 ob
1304 964 1354 1030 in·

118 1067 283 1133 6troitum
311 1071 368 1132 aut
394 1068 488 1132 nobis
518 1068 722 1155 exigentibus
745 1071 927 1136 conferunt.
958 1090 1037 1155 ergo
1060 1089 1133 1135 cum
1154 1068 1290 1132 timeam
1311 1089 1355 1133 ne
1445 1080 1450 1157 ξ

148 1170 215 1235 illic
242 1169 373 1256 publica
399 1171 554 1256 pecunia,
589 1171 659 1256 hic,
693 1172 778 1259 quod
808 1177 858 1238 est
884 1172 972 1238 omni
1000 1170 1139 1256 pecunia
1166 1169 1352 1256 pretiosius,

147 1294 264 1338 munus
285 1276 378 1338 tumn
405 1272 490 1337 male
517 1272 706 1359 collocetur,
735 1296 834 1361 cogor
860 1278 970 1361 petere
992 1296 1013 1339 a
1039 1277 1073 1339 te
1094 1294 1163 1339 non
1183 1272 1290 1338 solum
1312 1273 1354 1339 ob
1445 1344 1463 1361 ..

63 1439 65 1444 .
147 1374 309 1441 theatrum
323 1397 435 1440 verum
457 1374 555 1440 etiarn
569 1376 611 1441 ob
633 1375 714 1443 haec
735 1377 865 1442 balinea
882 1377 995 1443 mittas
1011 1375 1224 1442 architectum
1245 1374 1390 1461 dispare
1446 1376 1449 1383 ’

149 1471 291 1561 uturum,
320 1480 428 1542 utrum
456 1478 501 1543 sit
526 1479 638 1544 utilius
659 1483 735 1565 post
755 1483 920 1565 sumptum
941 1480 996 1566 qui
1024 1479 1131 1546 factus
1153 1480 1205 1544 est
1224 1499 1354 1565 quoquo
1396 1526 1399 1531 ·

147 1580 243 1646 modo
270 1602 494 1646 consummare
520 1603 636 1668 opera,
664 1585 702 1648 ut
728 1582 882 1648 inchoata
910 1585 1002 1669 sunt,
1032 1605 1076 1647 an
1098 1603 1179 1668 quae
1200 1579 1355 1646 videntur
1445 1570 1454 1631 l

119 1682 122 1686 ’
148 1682 350 1749 emendanda
375 1684 555 1771 corrigere,
591 1707 672 1771 quae
705 1683 934 1770 transferenda
967 1683 1161 1769 barnferre,
1189 1704 1248 1767 ne,
1276 1682 1355 1749 dum
1445 1700 1450 1713 ·

148 1807 275 1852 servare
290 1787 435 1853 volumus
450 1786 534 1874 quod
550 1787 733 1873 impensum
754 1790 819 1872 est,
841 1787 926 1853 male
939 1785 1166 1873 impendamus
1187 1785 1275 1872 quod
1297 1786 1353 1852 ad*
1444 1784 1451 1872 ξ’

149 1888 289 1956 (lendum
311 1893 370 1956 est.

604 2060 673 2128 xn.
696 2059 891 2150 [nnuma]

582 2184 768 2238 TRAIANUS
792 2184 920 2237 PLINIO
1038 2222 1041 2226 .

26 2385 29 2390 ,
123 2303 136 2365 l
233 2301 316 2380 Quid
331 2304 480 2390 oporteat
500 2302 571 2367 fieri
592 2302 679 2368 circa
699 2300 863 2368 theatrum
883 2301 968 2389 quod
989 2301 1177 2369 inchoatum
1191 2301 1279 2388 apud
1293 2301 1352 2367 Ni·
1444 2322 1449 2393 ᾗ

150 2428 300 2472 caeenses
328 2406 440 2472 estin
472 2427 507 2470 re
536 2405 701 2490 praesenti
728 2403 850 2490 optime
878 2403 1070 2470 deliberabis
1100 2407 1134 2470 et
1148 2405 1350 2470 constitues.

149 2508 229 2576 nihi
256 2509 396 2575 sufficiet
421 2508 560 2575 indicari
588 2507 641 2573 cui
666 2508 848 2598 sententiae
875 2509 1059 2574 accesseris.
1095 2511 1174 2573 tunc
1199 2510 1311 2573 autem
1333 2527 1387 2573 aa
1448 2549 1450 2554 -

148 2611 285 2696 privatis
307 2611 393 2698 exigi
415 2633 513 2697 opera
534 2610 596 2683 tibi
618 2631 712 2675 curae
734 2610 794 2693 sit,
815 2632 888 2675 cum
909 2609 1089 2695 theatrum,
1112 2610 1353 2696 propterquod

118 2713 204 2780 2illa
225 2715 384 2800 promissa
413 2718 505 2799 scunt,
532 2713 655 2780 factum
677 2712 749 2778 erit.
785 2713 965 2799 gymnasiis
986 2713 1160 2798 indulgent
1182 2711 1352 2778 Graeculi:

148 2816 220 2883 ideo
247 2817 386 2883 forsitan
408 2816 605 2883 Nicaeenses
632 2815 752 2880 maiore
780 2815 888 2880 animo
911 2815 1184 2881 constructionem
1206 2815 1275 2881 eius
1298 2815 1352 2880 ad·
1446 2866 1450 2878 ,

149 2919 252 3006 gressi
275 2922 361 2985 sunt.
391 2920 447 2985 sed
468 2923 596 3006 oportet
617 2918 689 2984 illes
711 2939 749 2983 ee
772 2919 941 2982 contentos
963 2939 1032 2984 esse
1054 2919 1139 3005 quod
1161 2919 1265 3004 possit
1286 2918 1351 2983 illis

119 3021 304 3088 3srrfficere.
335 3023 412 3108 quid
435 3021 723 3107 Claudiopolitanis
746 3020 831 3085 circa
852 3019 1035 3106 balineum,
1058 3022 1144 3108 quod
1165 3042 1293 3106 parum,
1316 3023 1387 3085 uas

148 3124 282 3209 scribis,
305 3124 420 3191 idoneo
442 3125 512 3191 loco
534 3124 783 3208 inchoaverunt,
812 3122 1011 3188 suadendum
1032 3123 1077 3187 sit
1097 3126 1135 3188 tn
1162 3123 1350 3211 constitues.

149 3224 318 3292 architecti
339 3227 402 3292 tibi
423 3228 532 3293 deesse
554 3248 622 3292 non
643 3229 789 3311 possunt.
820 3225 910 3291 nulla
924 3226 1092 3311 provincia
1114 3228 1165 3291 est
1186 3247 1269 3310 quae
1284 3246 1350 3290 non

149 3329 270 3412 peritos
300 3334 333 3394 et
359 3331 546 3416 ingeniosos
570 3329 718 3395 homines
742 3328 878 3413 habeat,
906 3329 1002 3393 modo
1027 3350 1069 3393 ne
1091 3327 1256 3394 existimes
1281 3327 1351 3393 bre·

149 3429 219 3496 vius
246 3453 315 3496 esse
343 3432 385 3497 ab
407 3433 486 3499 urbe
508 3433 611 3518 mitti,
641 3455 714 3499 cum
742 3453 781 3496 ex
806 3429 943 3496 Graecia
969 3431 1069 3497 etiarn
1096 3430 1137 3497 ad
1158 3453 1219 3497 nos
1240 3431 1350 3498 venire

149 3531 236 3598 soliti
257 3534 335 3600 sint.
1361 3549 1385 3589 ω

662 3619 747 3686 XLI.
773 3616 833 3710 [Ia]

431 3744 462 3796 O.
481 3743 629 3795 PLINIUS
652 3741 814 3794 TRAIANO
832 3742 1063 3796 IMPERATORI

123 3843 138 3906 l
233 3841 380 3909 Intuenti
401 3846 482 3910 mihi
504 3848 537 3909 et
559 3844 708 3908 fortunae
726 3846 802 3907 tuae
825 3845 858 3908 et
879 3843 981 3908 animi
995 3844 1255 3930 magnitudinem
1277 3866 1349 3910 con·
1446 3924 1449 3931 Ι

148 3945 428 4014 venientissimum
450 3947 576 4013 videtur
590 3946 811 4012 demonstrare
825 3968 924 4030 opera
945 3969 1013 4013 non
1027 3948 1135 4012 minus
1156 3947 1348 4014 aeternitate

216 4122 232 4171 2
251 4122 318 4186 quia
335 4125 395 4174 sine
414 4127 559 4174 caemento
578 4121 667 4173 medio
686 4121 754 4171 farti
771 4123 851 4172 editio
871 4122 1031 4173 Basileensa'e
1110 4124 1126 4173 6
1146 4121 1235 4173 additi
1255 4120 1347 4172 Casae·

149 4186 228 4240 donaa
247 4190 351 4242 addunt
370 4207 387 4240 a
405 4191 522 4242 addendi
542 4192 572 4243 G.
591 4191 628 4240 ΙΙ.
647 4190 803 4254 Sclueferus
872 4193 887 4241 'l
906 4190 1050 4242 conferent
1068 4191 1215 4243 Calaureae

216 4258 267 4309 XL
287 4261 318 4311 18
336 4262 470 4312 Nicenses
489 4275 506 4309 a
574 4261 607 4309 ‘23
624 4258 758 4309 Niceuses
776 4274 793 4308 a
869 4260 902 4309 ‘ll
920 4258 978 4310 illis
996 4259 1124 4311 sufficere
1144 4261 1291 4311 Cutauaeas
1308 4255 1347 4306 illi

149 4324 273 4443 suficere
293 4330 380 4380 stibi
399 4329 529 4381 sulficere
549 4328 719 4379 lllommsenas
774 4326 904 4379 accoliti
922 4327 1075 4380 siuleditio
1094 4324 1348 4380 coarctaremur

148 4406 200 4443 sun
231 4409 248 4443 a

217 4463 282 4515 XLI
300 4468 341 4517 De
360 4466 424 4518 lacu
441 4466 681 4519 Nicomedensium
703 4465 839 4534 Epistola.
857 4465 1003 4517 xxvna
1025 4466 1069 4518 De
1086 4465 1152 4516 lacu
1170 4462 1348 4515 Nicomeden·
1439 4478 1443 4487 ·

149 4529 222 4581 sium
239 4535 341 4585 altem
358 4537 384 4586 a'n
401 4538 507 4602 reliquis
524 4538 641 4602 epistulis
659 4551 777 4590 numeror
793 4536 820 4585 in
837 4536 860 4585 Δ
878 4537 1026 4602 adscriptor
1043 4552 1092 4588 em.
1111 4548 1129 4583 a
1187 4534 1222 4584 34
1239 4531 1348 4584 demon·
1438 4512 1443 4561 ¹

139 4604 235 4653 stram
252 4600 404 4659 Catanaeas
421 4603 606 4661 demonstrari
621 4606 646 4659 Δ
1439 4606 1453 4687 Ι·
