2934 4966
167 244 228 310 128
687 256 719 307 c.
742 202 852 307 rom*

164 411 401 498 superpositum
430 415 481 480 est
507 410 789 497 sphaeristerium,
822 409 907 498 qood
939 409 1035 496 pluro
1060 430 1184 495 genera
1211 410 1395 485 exercitu.

163 516 263 581 tionis
290 512 462 600 pluresque
489 513 626 580 circulos
653 515 752 601 capit.
803 535 871 580 non
898 512 1012 598 procul
1039 534 1060 577 a
1086 511 1219 593 balineo
1246 511 1373 597 scslue,

163 615 309 703 quaein
336 616 611 701 cryptoporticum
637 608 764 697 ferunt,
790 615 881 702 prius
907 614 950 679 ud
977 615 1103 680 diactm
1128 614 1208 681 tres.
1253 614 1373 681 hurum

163 718 229 783 alia
250 717 378 783 areolae
399 718 465 802 illi,
487 719 523 785 in
545 740 609 804 qua
623 718 750 804 platani
764 716 1022 805 quattuor,·olia
1043 720 1154 803 prato,
1176 716 1243 783 alia
1265 717 1374 785 vineis

111 824 153 890 28
163 820 313 887 imminet
333 821 539 906 diversasque
554 822 642 905 ,cccli
663 825 773 908 partes
794 822 832 887 ut
851 823 1043 906 prospectus
1056 819 1168 887 habet.
1189 819 1227 885 in
1240 842 1399 887 summm

163 925 405 1009 cryptoporticu
431 922 621 993 ,cubiculum
649 925 689 989 er
715 924 788 1010 ipsa
814 912 1068 1009 cryptoporticu¹
1083 922 1246 1013 moinum,
1284 923 1398 1015 quod,

90 1098 96 1106 ,
162 1024 411 1117 hippodromum
440 1026 551 1106 vinens
577 1029 705 1093 montes
731 1026 886 1091 intuetur.
930 1024 1078 1111 iungitur
1106 1024 1294 1091 cubiculum
1314 1027 1373 1093 ob

163 1128 249 1194 vium
270 1128 342 1211 soli,
364 1127 507 1193 maxime
528 1127 675 1195 hiberno.
704 1127 783 1193 hinc
804 1128 909 1193 oritur
929 1127 1050 1213 diaeta,
1071 1148 1155 1215 qnae
1174 1126 1276 1195 villae
1297 1127 1373 1215 hip-

110 1235 153 1299 29
160 1231 351 1316 podromnm
369 1222 531 1296 'adnectit
563 1230 799 1315 brectones,
826 1228 882 1295 hic
902 1250 980 1295 usius
1007 1251 1027 1294 a
1054 1229 1174 1297 fronte
1220 1231 1371 1299 alatere

162 1332 285 1399 aestiva
306 1333 565 1418 cryptoporticus
586 1334 622 1399 in
637 1334 724 1399 edito
738 1323 862 1419 posito,
886 1324 968 1419 quae
982 1352 1050 1399 non
1071 1332 1219 1419 aspicere
1240 1334 1370 1422 meas,
1383 1360 1403 1401 n

160 1434 217 1499 sed
237 1438 376 1521 tangere
397 1434 537 1501 videtur:
560 1436 597 1501 in
618 1435 725 1501 medic
746 1435 926 1501 triclinium
940 1434 1188 1501 saluberrimum
1207 1434 1387 1503 sdflutumv

19 1528 23 1533 ’
104 1572 107 1578 ·
160 1557 201 1601 ex
221 1536 414 1622 Appennini
436 1537 574 1603 vallibus
587 1539 729 1624 recipit}
752 1541 840 1623 ‘post
864 1536 1032 1603 latissimis
1059 1536 1213 1603 fenestris
1239 1538 1369 1625 vinens,

9 1634 26 1658 ‘
109 1638 262 1708 30valvis
284 1661 386 1725 aeque
407 1640 537 1724 vineas,
559 1640 616 1704 sed
638 1662 696 1725 per
718 1640 1010 1726 cryptoporticum,
1038 1640 1132 1725 quasi
1153 1639 1311 1709 admittit.
1348 1665 1369 1709 a

159 1740 261 1807 latere
282 1742 427 1831 triclinii,
449 1743 534 1829 quod
555 1742 709 1809 fenestris
724 1746 824 1827 caret,
847 1742 955 1809 scalae
977 1741 1125 1808 euvino
1142 1740 1241 1809 utilio
1256 1764 1368 1811 secre-

144 1842 242 1909 'tiore
264 1844 354 1909 aditu
375 1848 567 1931 suggerunt.
605 1845 646 1916 ¹iu
669 1845 734 1919 fine
748 1844 942 1930 cubiculum,
958 1845 1019 1926 cui
1039 1866 1111 1927 non
1121 1845 1231 1931 minus
1253 1846 1403 1915 iacun-1⁵

159 1944 236 2010 dum
272 1934 477 2033 prospectum
508 1948 765 2032 cryptoporticus
800 1949 873 2034 ipsu
907 1970 1006 2035 quam
1040 1941 1157 2013 vineoe
1184 1949 1388 2035 ‘praebent'

159 2048 271 2113 subest
285 2049 543 2134 cryptoporticus
557 2049 787 2115 subterraneae
806 2050 937 2135 similis3
958 2052 1082 2115 aestate
1096 2048 1223 2115 incluso
1239 2050 1367 2137 frigore

108 2157 145 2220 31
159 2151 245 2237 riget
259 2154 475 2237 contentaque
490 2157 562 2217 seire
583 2173 642 2217 suo
654 2173 716 2218 nee
737 2152 899 2218 desiderat
912 2173 1008 2217 auras
1022 2172 1084 2219 nec
1104 2151 1262 2221 admittit.
1290 2158 1368 2240 post

159 2255 328 2339 utramque
343 2255 616 2340 cryptoporticum
635 2254 722 2319 unde
736 2254 914 2321 triclinium
935 2254 1058 2336 desinit
1069 2254 1189 2341 incipit
1205 2256 1365 2343 porticus,

159 2358 236 2421 ante
257 2355 398 2422 medium
419 2357 504 2422 diem
526 2356 679 2442 hiberna,
701 2357 860 2446 inclinato
880 2358 934 2424 dic
954 2359 1087 2424 aestiva
1117 2356 1180 2423 hac
1200 2357 1402 2427 adeunturu

141 2458 285 2525 diaetae
300 2458 398 2544 duae,
415 2480 550 2545 quarum
572 2459 608 2525 in
631 2461 733 2525 alteru
754 2460 903 2527 cubicula
923 2464 1087 2546 quattuor,
1104 2460 1210 2527 ultera
1221 2450 1302 2547 tris,
1328 2464 1366 2528 ut

18 2579 22 2584 ·
78 2548 82 2553 ⁴
107 2567 150 2631 32
160 2561 308 2627 circumit
336 2561 402 2646 sol,
433 2564 491 2626 ant
512 2561 579 2628 sole
592 2566 728 2628 utuntur
755 2564 812 2628 aut
837 2562 963 2629 umbra
1006 2562 1094 2629 hune
1113 2550 1365 2650 dispositionem

112 2713 117 2722 ,
158 2665 449 2750 amoenitatemque
483 2666 643 2730 tectorum
674 2665 770 2752 longe
802 2665 965 2752 longeque·
994 2666 1160 2751 praeeedit
1188 2665 1364 2757 hippodro-

157 2789 237 2833 mus.
266 2767 391 2832 medius
412 2768 552 2852 patescit
572 2768 745 2853 statimqne
764 2770 959 2834 intrantium
980 2769 1082 2835 oculis
1101 2773 1190 2837 totus
1211 2769 1364 2857 offertum

156 2870 299 2955 platanis
320 2861 531 2935 'circumitum'
547 2870 623 2935 illae
646 2870 764 2935 hedera
785 2858 985 2958 restiuntur,
1008 2877 1107 2960 utque
1128 2882 1274 2941 summae
1295 2876 1402 2941 miss

155 2972 203 3037 ita
224 2973 309 3038 imae
331 2972 446 3037 alienis
468 2972 644 3061 frondibiq
659 2973 780 3039 virent:
802 2973 922 3040 hedera
943 2978 1096 3041 truncum
1110 2980 1145 3042 et
1158 2998 1266 3043 ramos
1287 3000 1361 3065 per·

155 3079 243 3140 errat
268 3075 456 3161 vicinasque
488 3076 636 3162 platanos
664 3077 805 3141 transitu
832 3099 890 3143 sno
920 3078 1065 3163 copulat:
1102 3077 1161 3143 has
1183 3078 1290 3145 buxus
1312 3082 1361 3147 in·

154 3177 307 3243 teriacet:
344 3178 521 3244 exteriores
549 3168 660 3245 buxos
673 3180 886 3245 circumvenit
908 3179 1016 3244 laurus
1038 3180 1234 3268 umbraeque
1255 3182 1361 3269 pluta-

223 3472 467 3539 lphaeristerium
490 3475 544 3524 HD
664 3475 753 3523 bnon
770 3473 869 3539 procul
885 3474 959 3525 nr
980 3490 1033 3527 nec
1050 3476 1149 3542 procul
1165 3478 1257 3540 rm
1312 3512 1315 3516 a

154 3539 266 3591 belieno
283 3542 305 3589 D
323 3541 448 3594 balienos
465 3543 493 3592 Ι
595 3545 612 3594 3
631 3542 863 3608 crypioportieum
880 3544 908 3592 1
1025 3546 1045 3596 4
1062 3544 1121 3595 clia
1136 3551 1219 3613 prsto
1236 3546 1361 3599 uineisr
1386 3558 1388 3562 ·

222 3611 238 3660 h
256 3610 381 3661 imminet
398 3611 579 3676 ‹liuersusque
595 3611 665 3666 11⁹3
690 3611 836 3662 imminent
856 3612 1038 3678 diuersasque
1056 3615 1079 3662 l'
1095 3614 1218 3666 Ricenrd.
1237 3628 1254 3663 ι
1271 3616 1362 3666 minet

153 3675 232 3729 diner
257 3679 383 3731 imminet
412 3679 593 3745 diuersasque
622 3682 644 3729 D
666 3681 766 3731 iminet
787 3679 907 3731 diuersis
924 3680 1140 3747 diuersasqnep
1244 3698 1360 3749 prospe·

154 3744 227 3814 ctus]
248 3748 423 3815 protecturr
529 3750 659 3815 eipsop
765 3750 870 3800 8hinc
888 3749 989 3800 colitur
1005 3750 1040 3800 1²:
1066 3751 1133 3802 hinc
1149 3777 1184 3789 -
1201 3751 1291 3802 villae
1308 3767 1358 3803 ors.

152 3814 180 3863 Ι
265 3816 359 3868 diaeta
377 3818 442 3873 Ἑςα
461 3823 525 3869 zeta
541 3820 603 3880 Dpr
722 3815 815 3887 alric]
833 3817 933 3869 hincIl
1035 3817 1116 3888 usus]
1139 3822 1216 3871 uisus
1233 3831 1270 3874 τε

85 3928 91 3933 .
154 3885 187 3935 10
205 3883 327 3952 aestiva]
356 3887 487 3938 estimor
608 3888 638 3936 11
658 3886 820 3937 tricilinium
837 3888 860 3935 11
975 3889 1008 3937 12
1034 3888 1234 3955 appennini!
1250 3902 1357 3955 appon-

153 3953 226 4004 ninis
244 3955 352 4017 PDpra
438 3956 543 4021 accipit
560 3957 623 4017 lipr
710 3957 741 4005 14
759 3955 904 4005 triclinii)
926 3955 1052 4006 triclinio
1070 3957 1098 4005 1
1165 3957 1287 4022 paretD
1346 3988 1362 4007 .

153 4017 246 4089 utilia]
266 4031 297 4072 nt
313 4023 363 4073 illa
381 4025 408 4073 n
425 4025 554 4074 utillian
658 4024 794 4075 secretior
810 4025 838 4072 Μ
937 4027 969 4075 15
987 4023 1067 4075 aditu
1084 4026 1240 4090 Pomponius
1257 4026 1358 4077 Mem

154 4091 258 4141 ambitu
276 4093 402 4155 lffltpa
420 4094 571 4143 ambitusr
641 4095 671 4142 11
684 4091 793 4158 subest]
813 4092 864 4142 sub
883 4093 968 4144 istor
1049 4095 1081 4145 18
1099 4096 1356 4159 contemptaque!¹

221 4161 286 4212 aire
304 4163 392 4215 omli
464 4165 495 4212 19
513 4162 704 4211 tricilinumD
801 4159 1051 4229 cornelissen
1119 4163 1151 4212 21
1171 4162 1200 4211 in
1218 4161 1356 4213 latera!

203 4229 336 4279 cubitali
405 4232 438 4280 22
457 4235 506 4280 ant
523 4230 582 4280 sole
602 4235 719 4280 utuntur
735 4230 823 4283 omli
885 4234 920 4281 23
939 4236 1075 4282 tectorum
1094 4234 1129 4285 ol.
1146 4247 1214 4281 mun.
1233 4232 1259 4281 r‘rr
1277 4235 1357 4284 Ir'rrrro

108 4294 113 4301 “
151 4295 173 4343 h
259 4297 342 4364 longe
360 4298 496 4365 longeque
515 4300 536 4347 F
555 4297 636 4365 longe
655 4299 767 4364 lateque
786 4301 814 4347 Ι
833 4300 952 4354 llic-cord.
971 4314 1007 4357 ες
1025 4300 1083 4352 late
1102 4301 1241 4364 longeque
1258 4314 1278 4349 ι
1295 4301 1355 4353 lon·

152 4379 241 4429 geque
260 4367 303 4430 Dp
322 4368 405 4435 longe
422 4373 495 4434 orslpo
575 4364 806 4435 miserantium]
826 4368 854 4418 in
873 4370 1062 4421 transitumn
1132 4368 1246 4419 effertur
1263 4371 1287 4419 n

218 4489 252 4536 25
270 4487 353 4538 edera
371 4492 398 4540 11
449 4491 482 4539 26
501 4486 587 4555 imae]
608 4506 650 4540 me
667 4493 690 4540 11
763 4489 991 4543 hedernrnrucnm
1009 4493 1036 4540 11
1055 4489 1141 4540 edero
1158 4488 1315 4543 monaulum
1333 4493 1355 4543 ἵ

93 4564 103 4586 ”
145 4554 271 4606 Riecard.
343 4556 384 4627 et]
404 4565 465 4610 utr
533 4554 771 4610 correctioris»
856 4560 1031 4613 blatanoruur
1049 4561 1076 4609 11
