2934 4966
77 362 82 369 Δ
201 270 244 342 66
553 278 560 283 ·
727 283 882 337 esum

200 446 351 533 superest
369 441 530 509 alterutra
554 465 595 509 ex
621 446 716 530 parte
735 442 892 510 iudicium
916 446 1026 527 mum,
1052 442 1091 509 in
1110 464 1176 529 quo
1199 440 1283 509 mdii
1307 464 1417 530 aeque

200 547 434 716 iucundanelreit
457 546 652 633 simplicitas
672 546 895 613 dimentient‘s
920 567 1020 632 quam
1045 546 1279 631 conprobantis
1299 550 1416 615 aucto

200 655 293 717 rahe.
1348 693 1352 699 .

781 819 824 888 V.

409 904 428 921 ”
480 943 685 1007 meamus
702 942 841 997 memo
858 942 987 997 macno
1005 940 1078 995 suo
1095 942 1125 995 s.
1425 965 1441 1007 s

172 1067 189 1131 l
284 1059 480 1147 Pergratum
499 1064 551 1127 est
570 1061 653 1127 milri
673 1059 1039 1149 quodtumdiligcnter
1056 1059 1159 1126 labsus
1178 1061 1417 1128 avunculimei

169 1163 348 1249 2leetitas‚
367 1166 407 1228 ut
425 1162 547 1230 habere
567 1185 681 1231 omncs
700 1163 783 1231 velis
802 1184 1003 1250 quaerasque
1022 1163 1081 1249 qui
1099 1163 1169 1229 sint
1188 1184 1314 1229 omes.
1336 1164 1415 1231 fun·

200 1287 263 1354 gar
281 1264 400 1330 indicis
420 1266 569 1352 par‘ubus
589 1272 687 1353 utque
707 1266 808 1332 etiam
827 1287 892 1353 quo
916 1265 986 1332 sint
1012 1264 1127 1331 ordine
1152 1265 1268 1351 acripfi
1292 1270 1416 1333 uotum

199 1368 262 1434 tibi
282 1366 420 1435 faciam
448 1372 499 1435 est
519 1369 608 1435 enim
628 1369 710 1435 baec
729 1390 857 1455 quoque
882 1368 1036 1434 amdam
1060 1388 1132 1435 nou
1155 1367 1339 1434 miueunda
1358 1390 1414 1435 co-

138 1511 142 1517 ·
171 1471 318 1558 3gnitio.
360 1470 420 1536 ‘de
445 1471 643 1538 iaculatione
668 1471 812 1558 equestri
836 1480 958 1563 unus’:
984 1469 1092 1554 bunc,
1119 1490 1196 1537 cum
1219 1462 1453 1557 pmcfectusie

202 1572 274 1638 alae
293 1571 468 1658 militaret,
496 1574 570 1660 pari
596 1573 733 1661 ingenio
753 1595 894 1661 curaque
915 1573 1098 1661 conposuit
1140 1572 1200 1639 ‘de
1217 1572 1289 1639 rita
1314 1572 1414 1641 Pom-

199 1675 281 1762 poni
306 1673 448 1742 Secundi
474 1675 575 1761 duo',
607 1698 629 1740 a
660 1698 726 1762 quo
750 1676 965 1763 singulariter
989 1680 1119 1743 amabis
1143 1674 1209 1743 boe
1231 1670 1416 1744 memoriae

171 1776 301 1848 demisi
329 1777 424 1864 qussi
460 1777 607 1844 debitum
643 1801 763 1845 munus
799 1778 949 1854 exsolvit.
1002 1777 1184 1845 ‘bellorum
1213 1776 1416 1863 Germanias

201 1880 355 1967 viginti’,
383 1879 501 1966 quibus
521 1880 633 1947 omnia
651 1902 736 1967 quae
763 1903 838 1947 oum
858 1880 1032 1949 Germanis
1057 1881 1218 1968 gemimus
1237 1880 1327 1947 bella
1347 1882 1417 1949 eol·

200 1982 295 2070 legit.
331 1982 516 2069 inchoarit,
546 2005 620 2048 cum
640 1983 677 2051 iu
698 1982 875 2051 Germania
894 1984 1068 2068 militaret,
1093 1984 1222 2050 somnio
1247 1984 1414 2051 monitis-2
1428 2006 1454 2049 rs

202 2084 332 2150 adstitit
351 2084 383 2150 ei
408 2085 590 2170 quiescenti
609 2085 710 2152 Drusi
729 2086 871 2153 Neronis
897 2085 1042 2173 effigies,
1068 2085 1128 2172 qui
1148 2084 1346 2153 Germaniae
1364 2086 1416 2154 la·

202 2185 328 2253 tissime
347 2186 453 2255 victor
471 2187 520 2254 ibi
540 2189 656 2274 periit,
684 2189 933 2256 commendabat
956 2189 1148 2255 memoriam
1166 2190 1417 2265 suamosabat·

171 2292 266 2376 bque
287 2293 326 2356 ut
345 2310 381 2355 se
402 2289 445 2355 ab
465 2289 587 2357 iniuria
607 2291 779 2359 oblivionis
799 2290 973 2359 adsereret
1010 2290 1161 2357 ‘studiosi
1179 2295 1273 2377 tres',
1294 2292 1333 2358 in
1353 2314 1415 2359 sex

201 2390 368 2459 solumina
388 2395 524 2479 propter
549 2392 798 2480 amplitudinem
823 2394 935 2480 divisi,
961 2392 1081 2480 quibus
1106 2397 1270 2461 oratorem
1294 2395 1340 2461 ab
1358 2395 1415 2464 in·

201 2493 372 2561 cunabulis
400 2495 546 2561 instituit
573 2500 607 2563 et
631 2496 772 2582 perlicit.
815 2496 923 2563 ‘dubii
948 2496 1108 2563 amona
1135 2498 1245 2563 oete:
1279 2496 1453 2583 scripsita

166 2616 176 2645 ·
202 2599 263 2666 sub
283 2597 416 2665 Nerone
436 2598 622 2664 novissimis
643 2598 758 2683 anuis,
782 2598 972 2665 cum'omne
985 2598 1167 2664 studiorum
1187 2618 1293 2685 genus
1313 2599 1416 2686 paulo

175 2701 340 2768 (iliberius
359 2703 394 2766 et
414 2701 552 2766 erectius
573 2700 788 2786 periculosum
814 2701 953 2766 servitus
974 2699 1117 2766 iecisset.
1137 2707 1192 2765 '‘a
1212 2701 1279 2767 fine
1299 2702 1415 2768 Aufidi

205 2803 300 2869 Rassi
329 2803 471 2889 triginta
501 2807 615 2869 unus'.
660 2806 813 2868 ‘naturae
843 2801 1052 2869 historiarum
1082 2802 1224 2889 triginta
1254 2808 1414 2891 septem',

204 2928 285 2993 opus
305 2905 475 2991 diffusum,
498 2906 677 2990 eruditum,
698 2927 761 2972 nec
781 2906 889 2973 minus
909 2906 1036 2971 varium
1061 2926 1161 2991 quam
1186 2904 1261 2993 ipsa
1279 2900 1433 2975 mura·

174 3009 331 3076 ilumeris
352 3008 438 3097 quod
458 3012 510 3074 tot
529 3009 694 3074 volumina
714 3009 881 3095 multaque
900 3009 938 3075 in
957 3008 1010 3074 his
1030 3013 1101 3074 tam
1113 3009 1303 3096 scrupulosa
1315 3008 1415 3075 homo
1426 3029 1454 3071 ss

203 3115 381 3199 occupatus
403 3111 593 3177 absolverit:
625 3111 732 3197 magis
752 3111 940 3197 miraberis,
968 3111 998 3177 si
1018 3110 1131 3179 scieris
1150 3111 1245 3177 illum
1264 3109 1414 3198 aliquun-

205 3213 263 3282 diu
285 3237 400 3282 euusas
420 3215 591 3298 actitasse,
620 3214 795 3280 decessisse
815 3236 904 3280 enno
931 3217 1024 3279 sexto
1051 3218 1087 3279 et
1107 3213 1413 3302 quinquagensimo,

203 3317 348 3384 medium
373 3321 502 3404 tempus
535 3317 713 3383 distenbm
740 3317 996 3402 impeditumque
1027 3339 1095 3403 quo
1119 3317 1236 3384 officiis
1261 3317 1415 3383 maximis

220 3619 229 3636 '
273 3631 287 3680 1
307 3628 432 3686 ἰαοαυᾶι
449 3643 541 3695 seque
557 3641 573 3679 a·
639 3631 657 3681 2
675 3635 738 3682 erat
753 3647 825 3683 cerr.
844 3631 900 3682 erit
915 3630 939 3679 v

270 3696 297 3749 V
313 3699 332 3750 b
348 3696 488 3749 ΒΔΕΒΙΟ
505 3711 554 3749 era.
573 3697 761 3762 lvrnpra:
781 3699 1064 3752 ‘aolulliccordiusaa
1079 3700 1108 3749 iu
1119 3699 1205 3750 indice
1219 3700 1259 3751 ad
1272 3698 1414 3753 Baebium

202 3763 329 3818 llacrum
344 3769 446 3816 musam
462 3781 521 3816 esse
538 3767 618 3818 dicit’
705 3771 721 3818 ‘1
739 3770 787 3834 qui
807 3774 872 3820 sunt
893 3782 991 3818 omues
1007 3766 1032 3815 V
1049 3767 1098 3831 qui
1114 3768 1173 3818 siut
1189 3765 1250 3833 (on.
1267 3768 1378 3837 omues)
1396 3780 1415 3824 ς

288 3833 498 3897 sinelicium·
572 3837 589 3886 9
606 3835 679 3887 haec
697 3851 807 3903 quoque
824 3836 941 3885 Vrnra
963 3834 1018 3886 boc
1034 3850 1143 3900 quoque
1160 3837 1190 3884 Π
1206 3836 1253 3888 bic
1266 3850 1413 3901 quoquot

82 3898 128 3951 ¹.
202 3900 311 3958 hasce
380 3903 413 3954 10
429 3904 553 3954 uuiusll
624 3906 654 3955 11
675 3905 818 3970 pomponii
833 3906 946 3967 Fllpra
962 3905 997 3967 Q.
1014 3902 1197 3968 Pomponiie
1266 3906 1299 3954 12
1315 3905 1412 3970 singu·

202 3968 303 4023 lariter
320 3974 365 4022 est
381 3976 492 4023 amatus
508 3972 589 4026 Ὴς
703 3976 736 4024 13
754 3974 838 4023 amici
855 3986 937 4024 om
1049 3973 1082 4022 16
1101 3972 1213 4023 adstitit
1229 3973 1304 4023 euim
1323 3973 1352 4023 si
1368 3974 1412 4036 Bp

202 4039 298 4091 astitit
314 4040 423 4096 enimc
509 4040 677 4108 1‘1uietoriq
695 4041 782 4091 ibix
887 4041 941 4091 erit
959 4038 1174 4092 commendati)
1262 4042 1295 4092 18
1313 4040 1351 4092 ab
1371 4041 1413 4091 iu·

201 4108 274 4176 iuriq
290 4110 320 4158 11
372 4111 405 4160 19
422 4109 578 4160 orationem
594 4110 649 4158 HV
703 4111 738 4160 ub
758 4056 944 4161 cunabulis!
994 4111 1029 4160 20
1045 4108 1169 4174 perfecit
1184 4110 1247 4158 Fra
1299 4109 1415 4161 scribsit
1457 4126 1463 4137 ·

202 4174 230 4223 Ι
300 4179 333 4228 21
353 4192 440 4243 genus
457 4176 640 4228 studiorumr
737 4181 771 4229 22
790 4181 912 4229 erectius
929 4179 1015 4240 rpra
1037 4177 1140 4228 rectius
1158 4178 1240 4227 nvn
1308 4178 1455 4229 Aufidii·

203 4256 239 4300 ῖς
245 4257 263 4293 a
330 4247 501 4298 assaturae
519 4246 666 4301 divum
684 4251 786 4299 natura
803 4249 824 4297 F
842 4252 972 4297 naturam
988 4261 1005 4310 p
1023 4247 1193 4298 naturalium
1209 4245 1353 4297 Sictsrdaa

202 4312 237 4363 24
255 4312 386 4395 ditiorum
405 4318 435 4366 et
452 4314 623 4366 eruditumr
708 4318 742 4368 25
760 4316 789 4366 iu
806 4316 843 4366 iis
860 4318 882 4365 r
900 4317 930 4366 iu
947 4315 1012 4367 isi>
1098 4316 1132 4366 26
1149 4315 1272 4367 sciresr
1357 4314 1413 4367 ali·

202 4398 334 4497 quaudbu
351 4436 379 4485 Ι
396 4434 548 4504 aliquando
566 4448 581 4484 r
666 4436 701 4486 28
719 4435 870 4487 distentum
888 4437 1016 4492 ΠΠςα
1039 4435 1197 4487 disteritum
1213 4434 1415 4488 ”districtum

201 4499 402 4623 {figitfissm
419 4518 434 4552 r
538 4519 595 4571 qua
611 4503 714 4558 officiis
731 4506 818 4572 Ipsa
840 4520 896 4572 qus
919 4505 1011 4557 officis
1030 4504 1086 4554 HV
1109 4503 1141 4572 (ῖς
1165 4502 1297 4557 ciliciolis
1313 4506 1337 4555 n
1354 4510 1415 4558 tam
