2934 4966
185 269 249 335 232
710 278 741 329 o.
765 279 871 329 emm·

185 441 290 524 ipsam
312 436 529 522 aedilitatem,
554 437 606 504 cui
627 438 817 523 praereptus
840 439 905 521 cst,
933 434 1046 523 petiit!
1074 435 1159 522 quod
1181 434 1232 501 vel
1255 434 1398 501 maxime

155 543 177 606 li
185 540 326 606 dolorem
349 560 456 625 mcum
479 540 653 607 exulcerat.
684 538 897 605 obversantur
911 537 1012 604 oculis
1036 538 1119 604 cassi
1141 536 1268 605 labores
1292 541 1327 605 ct
1348 537 1398 602 in-

186 643 371 727 fmctuospe
385 664 498 728 preces
520 646 553 708 et
568 641 671 708 honor
687 663 782 728 quem
796 642 916 707 meruit
929 645 1079 707 tantum:
1101 640 1187 707 redit
1208 640 1320 706 auimo
1341 638 1398 707 ille

186 745 272 810 latus
295 743 404 810 clavus
426 745 462 811 in
476 745 648 831 penatibus
670 744 751 811 meis
773 748 937 830 sumptus,
960 744 1098 810 redeunt
1111 742 1169 809 illu
1191 738 1316 829 prima,
1339 742 1398 809 illu

104 934 107 939 ⁶
157 850 349 934 ipostremu
371 847 526 934 suffragia
548 870 636 933 mea,
666 847 715 913 illi
737 865 918 932 sermones,
940 846 1017 912 illae
1041 844 1306 912 consultationes.
1341 845 1421 912 ad-..a

186 949 277 1016 ficior
299 948 518 1015 adulescentia
539 951 657 1035 ipsius,
681 949 813 1016 adficior
834 949 1111 1016 necessitudinum
1134 969 1221 1014 casu.
1255 952 1327 1013 eret
1348 947 1397 1015 illi

80 1105 87 1118 .
187 1052 321 1140 manetis
343 1055 424 1118 natu
438 1074 573 1138 parens,
596 1056 666 1119 erat
688 1074 786 1136 uxor,
809 1073 906 1138 quam
923 1054 1001 1118 ante
1023 1072 1146 1117 annum
1159 1050 1323 1138 virginem
1345 1072 1397 1117 ac-

188 1157 334 1240 ceperat,
359 1158 436 1220 erat
463 1154 547 1239 filia,
576 1176 672 1240 quam
700 1153 796 1240 paulo
824 1157 901 1220 ante
929 1152 1112 1219 sustulerat
1146 1156 1197 1219 tot
1225 1146 1318 1239 spes,
1347 1156 1400 1220 tot

158 1257 307 1343 Sgaudia
329 1256 396 1322 dics
418 1278 503 1322 unus
525 1257 560 1323 in
582 1257 716 1323 adversa
739 1257 908 1323 conuertit.
942 1255 1037 1322 modo
1059 1255 1248 1342 designatus
1270 1255 1398 1338 aedilis,

186 1381 299 1425 recens
314 1358 466 1443 maritus,
488 1381 601 1426 recens
615 1363 724 1446 puter,
748 1359 909 1425 intectum
922 1357 1095 1441 honorem,
1118 1358 1232 1424 orbam
1245 1362 1398 1443 matrem,
1413 1384 1435 1423 u

137 1513 146 1525 .
180 1459 317 1529 vviduam
343 1482 491 1545 uxorem,
521 1462 620 1528 liliam
648 1461 806 1548 pupillam
837 1464 988 1548 ignaram
1018 1457 1095 1551 [ari]
1124 1458 1226 1547 putris
1253 1458 1398 1546 reliquit.

187 1563 313 1630 aceedit
340 1563 483 1629 lacrimis
510 1564 590 1630 meis
619 1564 704 1650 quod
731 1564 855 1645 absens
870 1567 903 1630 et
930 1563 1140 1650 inpendentis
1162 1562 1241 1629 mali
1267 1563 1400 1655 nescius

187 1667 311 1753 pariter
332 1687 481 1753 aegrum,
504 1667 626 1752 puriter
646 1664 821 1733 decessisse
843 1665 999 1752 cognovi,
1023 1689 1065 1731 ne
1079 1664 1273 1752 gravissimo
1295 1664 1401 1732 dolori

157 1771 332 1855 tltempore
348 1790 599 1836 consuescerem.
636 1770 673 1835 in
695 1769 796 1839 tantis
819 1769 990 1835 tormentis
1004 1790 1111 1854 eram,
1134 1791 1208 1835 cum
1221 1766 1401 1836 scriberem

187 1868 283 1955 liaeo,
305 1871 479 1937 scriberem
501 1872 586 1938 sola:
613 1893 719 1958 neque
747 1871 843 1938 enim
862 1893 951 1938 nunc
979 1870 1068 1937 aliud
1090 1874 1147 1936 aut
1169 1869 1314 1957 cogItare
1343 1871 1402 1936 aut
1415 1895 1437 1934 u

187 1971 276 2058 loqui
297 1994 440 2058 possum.
471 1973 553 2040 vale.
1161 1965 1163 1968 Α

719 2132 860 2210 XXIIII.

541 2264 572 2322 c.
589 2265 739 2319 rmums
763 2266 911 2321 ummo
930 2267 1000 2319 suo
1018 2265 1045 2320 s.

161 2389 178 2453 1
220 2448 223 2456 ,
275 2372 378 2449 Amor
405 2383 441 2449 in
467 2386 501 2448 te
527 2404 617 2449 meus
647 2383 751 2469 cogit,
777 2404 846 2449 non
874 2387 912 2449 ut
938 2383 1136 2470 praecipiam
1164 2383 1283 2470 (neque
1311 2385 1402 2451 enim

189 2490 398 2573 praeceptore
420 2485 522 2572 eges),
544 2485 735 2552 admoneam
758 2489 884 2570 tamen,
907 2489 944 2551 ut
965 2507 1047 2572 quae
1069 2485 1132 2551 scis
1153 2489 1268 2551 teneas
1290 2490 1325 2552 et
1347 2486 1402 2553 ob
1415 2514 1441 2552 ru

159 2592 313 2674 sserves,
347 2592 404 2655 aut
436 2589 561 2654 nescire
595 2588 729 2656 melius·
769 2585 940 2674 cogitate
967 2588 1101 2654 missum
1134 2588 1170 2653 in
1198 2586 1427 2674 provinciam

190 2691 368 2778 Achaiam,
391 2692 481 2757 illam
503 2713 612 2757 veram
634 2678 667 2756 et
688 2712 812 2756 meram
827 2689 1014 2774 Graeciam,
1038 2690 1073 2755 in
1095 2713 1159 2776 qua
1180 2689 1322 2775 primum
1344 2690 1402 2756 hu·

189 2795 348 2879 manitas,
372 2795 516 2879 litterae,
541 2794 639 2859 etiarn
662 2791 775 2879 fruges
796 2793 1243 2878 inveritaeessccrcduntu13
1266 2792 1403 2859 missum

191 2896 231 2962 ad
254 2896 469 2985 ordinandum
491 2901 612 2963 statum
640 2897 814 2963 liberumm
838 2897 1023 2980 civitatum,
1051 2896 1085 2961 id
1112 2897 1163 2961 est
1184 2894 1225 2960 ad
1252 2893 1404 2961 homines

191 2999 330 3065 maxime
352 2998 515 3085 hominos,
539 3000 579 3064 ud
601 2998 720 3065 liberos
742 3000 882 3064 maxime
903 2997 1041 3083 liberos,
1071 2999 1125 3084 qui
1154 2997 1203 3063 ius
1232 3020 1260 3088 a*
1282 3000 1440 3065 naturast

192 3102 302 3168 datum
331 3102 468 3187 virtute,
500 3101 641 3186 meritis,
676 3101 836 3186 amicitia,
869 3101 1000 3167 foedere
1028 3099 1165 3186 denique
1188 3101 1221 3164 et
1241 3098 1403 3185 religione

162 3208 378 3276 3tenuerunt.
412 3225 556 3271 reverere
580 3203 761 3269 conditores
777 3204 852 3268 deos
876 3208 908 3269 et
930 3203 1065 3268 numina
1088 3201 1230 3286 deorum,
1254 3222 1403 3267 reverere
1452 3209 1455 3216 '

263 3553 277 3603 1
297 3556 461 3618 praereptus
478 3562 517 3606 ςα
535 3553 701 3615 praeruptus
719 3563 789 3602 corr.
813 3553 979 3614 praereptus
995 3550 1024 3596 n
1042 3552 1222 3615 preceptusr
1291 3549 1308 3597 2
1328 3545 1406 3598 exul·

196 3616 288 3688 cerat]
309 3621 451 3671 ulcerata
516 3618 590 3668 cassi
608 3619 658 3673 Μς
677 3616 767 3668 Cassii
784 3631 799 3666 r
816 3619 892 3683 passi
910 3632 928 3666 ι
979 3616 1146 3668 infructuosi
1164 3616 1197 3666 r*
1251 3614 1406 3673 badiicior

195 3689 388 3741 adulescentia
407 3688 494 3754 ipsius
513 3700 594 3739 om.r
663 3684 935 3736 ssncccssitudincr
989 3690 1048 3737 erat
1070 3684 1119 3735 ille
1139 3700 1156 3734 a
1208 3684 1273 3737 aiu
1290 3683 1406 3735 diuersa
1447 3727 1450 3731 Α

194 3773 212 3807 ι
281 3760 310 3808 11
331 3773 457 3808 ursorcm
475 3758 514 3804 II·
590 3755 717 3819 ignaram
735 3753 1158 3819 auipatrisltriguarumqne
1178 3754 1305 3819 patrias.
1326 3753 1405 3817 igna-

194 3842 252 3877 ram
271 3827 318 3876 aui
336 3826 462 3891 ignaram
481 3824 570 3891 putris
589 3835 605 3877 ς
624 3822 751 3886 ignaram
769 3822 812 3872 sni
830 3822 919 3887 putris
939 3822 1041 3873 Curtius
1112 3825 1143 3872 12
1162 3827 1191 3873 et
1209 3820 1359 3887 pendentis
1371 3815 1404 3868 ι’*

264 3897 296 3945 14
314 3899 438 3959 tempore
455 3894 483 3942 Ι
500 3893 600 3941 tImore
619 3905 635 3939 a
653 3889 712 3954 ipse
731 3903 746 3938 r
833 3906 894 3941 cum
912 3891 1065 3941 scriberem
1083 3889 1154 3941 haec
1171 3890 1324 3941 scriberem
1343 3887 1403 3939 sola

194 3978 285 4029 noque
302 3963 329 4012 n
347 3978 409 4013 cnm
428 3961 497 4011 haec
515 3960 665 4010 scriberem
683 3957 744 4009 sols
761 3972 878 4024 nequer
896 3974 957 4010 cum
976 3958 1047 4009 haee
1067 3955 1338 4010 scriberem.solarc
1357 3971 1404 4006 ue·

195 4047 249 4097 qna
266 4044 284 4089 ς
302 4047 364 4083 cum
382 4030 533 4082 scriberem
551 4027 622 4078 haec
642 4042 730 4092 neque
750 4041 767 4075 a

264 4167 374 4220 XXIIII
391 4169 424 4218 21
443 4173 491 4218 aut
509 4164 616 4217 nescire
635 4163 733 4214 melius
751 4166 798 4214 lIr
816 4169 865 4216 eut
883 4166 957 4217 scias
982 4164 1081 4216 melius
1099 4163 1246 4216 Gatanaeus
1265 4175 1282 4209 a
1370 4160 1403 4209 22
1440 4196 1445 4204 .

196 4233 312 4304 meram]
333 4226 461 4289 ueram'r
541 4236 569 4284 iu
589 4249 643 4298 qua
663 4229 792 4300 primum]
812 4235 858 4285 ubi
878 4250 895 4284 a
982 4234 1166 4284 humanitatis
1184 4231 1279 4281 littere
1298 4234 1328 4279 ot
1348 4229 1402 4278 sru-

196 4320 242 4370 gss
260 4321 274 4355 r
342 4308 375 4356 24
394 4310 497 4355 statum
515 4303 664 4353 liberarum
678 4301 843 4366 ciuitatIum,
862 4304 891 4353 id
909 4308 952 4353 est
970 4302 1005 4353 ad
1017 4302 1142 4353 homiues
1155 4298 1275 4350 marimo
1288 4296 1404 4359 liberos,

195 4374 242 4438 qui
261 4375 304 4425 ius
323 4389 340 4424 a
366 4379 469 4424 statum
496 4372 523 4422 id
543 4377 586 4422 est
604 4369 639 4420 ud
665 4369 790 4421 hominos
818 4374 936 4423 mammo
960 4371 1086 4422 homiues
1105 4370 1140 4420 ad
1159 4368 1263 4419 liberos
1282 4366 1403 4416 maxime

195 4440 299 4493 liberos
318 4442 390 4508 quod
408 4443 451 4492 ius
470 4442 496 4489 u
516 4445 617 4491 statum
637 4438 664 4489 id
682 4444 725 4489 est
743 4439 777 4489 ad
797 4441 921 4490 homiues
939 4441 1058 4491 maximo
1077 4439 1179 4489 liberos
1199 4435 1245 4500 qui
1264 4433 1309 4484 ius
1328 4448 1342 4483 r

196 4511 228 4560 27
249 4511 407 4562 conditores
424 4510 490 4561 eleos
508 4514 537 4559 ct
555 4511 667 4560 nomirra
685 4508 798 4560 deorum
816 4512 844 4556 II
862 4509 1018 4560 coudItorcs
1037 4508 1103 4558 ‹lcos
1117 4504 1230 4556 numina
1249 4502 1365 4555 deorum
1377 4517 1404 4560 a.

193 4594 241 4628 osa.
261 4592 283 4646 r,
304 4579 467 4632 conditores
485 4578 552 4631 deos
573 4578 684 4630 uomina
701 4576 815 4628 heroum
835 4579 859 4631 1.
878 4580 908 4629 F.
928 4579 1071 4630 &sueviae
