2934 4966
155 301 243 350 xxvi
620 275 623 281 ’
643 277 864 347 crassaris.

153 455 258 542 quinti
274 452 472 519 continebat.
497 475 536 518 ex
551 452 612 518 hoc
627 451 833 517 Florentinus
850 451 947 516 codex
960 453 994 516 et
1009 454 1086 518 ante
1100 452 1204 536 hunc,
1225 454 1263 516 nt
1275 372 1361 517 viic·
1430 536 1433 540 ¹

58 575 67 591 ·
154 552 643 642 tur,Riccardianusdescriptus
659 558 724 638 est3
739 553 952 632 eFlorentino
966 552 1082 620 deinde
1096 555 1220 620 codices
1228 557 1360 620 sentim

154 657 373 744 epistularum,
397 658 513 745 quibus
536 659 613 724 solis
640 660 769 742 praeter
790 656 863 722 illos
884 678 965 743 quos
983 657 1157 722 mododixi
1178 679 1236 743 per
1258 656 1361 722 maxi·
1454 663 1457 666 ’

152 782 238 827 mam
259 764 386 846 partem
408 760 515 846 quinti
542 760 657 825 decimi
678 759 797 826 saeculi
819 758 896 824 Itali
911 759 1096 845 utebantur,
1113 758 1249 826 denseti
1271 763 1359 825 sunt.

237 861 288 928 Ex
309 862 360 929 bis
382 867 534 950 quattuor
548 863 710 929 veteribus
733 863 985 949 exemplaribus,
1009 863 1159 949 equibus
1181 884 1236 928 eos
1258 853 1359 928 libros

151 966 267 1053 quibus
294 988 381 1032 nunc
408 967 528 1032 utimur
549 966 662 1032 ductos
685 987 754 1030 esse
787 964 864 1048 dixi,
893 965 922 1030 si
948 967 1131 1051 superesset
1157 963 1243 1030 ¹illud
1272 965 1360 1051 quod

150 1068 256 1155 primo
280 1069 350 1134 loco
371 1071 479 1154 posui,
504 1091 570 1134 non
586 1068 697 1134 dubito
713 1068 792 1154 quin
807 1067 949 1134 rationes
966 1067 1098 1134 criticae
1113 1067 1193 1133 artis
1207 1066 1243 1133 in
1258 1067 1360 1136 Plinii

152 1171 298 1258 epistulis
321 1173 424 1237 multo
446 1176 479 1238 ct
500 1171 712 1257 simpliciores
735 1175 768 1236 et
790 1171 942 1236 certiores
964 1171 1093 1236 futurae
1115 1170 1247 1236 fuerint.
1270 1192 1360 1237 nunc

151 1274 284 1340 dubium
312 1280 382 1341 esse
410 1296 477 1341 non
505 1277 612 1360 potest
633 1275 712 1361 quin
740 1273 890 1359 princeps
920 1273 1008 1338 locus
1030 1273 1192 1343 ,debeatur
1212 1272 1360 1339 Mediceo

152 1377 252 1443 codici
268 1375 330 1464 (Μ)
346 1379 380 1443 et
394 1378 568 1443 coniuncto
591 1398 664 1442 cum
686 1399 724 1442 eo
740 1377 776 1442 in
791 1379 946 1463 quattuor
959 1374 1073 1461 primis
1087 1374 1180 1441 libris
1196 1374 1359 1443 Vaticano

136 1479 224 1566 (V).
248 1491 442 1567 quamquam
454 1480 503 1546 illi
520 1501 645 1566 quoque
655 1483 785 1567 praeter
807 1479 936 1565 apertos
959 1496 1102 1562 errares,
1116 1478 1172 1564 qui
1190 1479 1356 1550 neminem
1431 1503 1433 1506 ·

53 1593 80 1623 -’
150 1581 264 1649 tallere
286 1587 440 1669 possunt,
473 1585 582 1648 vetere
603 1580 823 1669 interpolandi
850 1580 974 1666 studio,
1002 1581 1085 1667 quod
1114 1603 1227 1648 omnes
1256 1581 1360 1649 Plinii

151 1685 250 1752 libros
271 1685 455 1772 occuparit,
483 1685 677 1772 gravissima
704 1685 785 1751 vitia
807 1686 988 1762 traxerunt,
1012 1684 1053 1750 ad
1076 1683 1155 1750 haee
1178 1687 1288 1751 autern
1309 1685 1358 1752 di·
1398 1711 1400 1714 ⁴

153 1788 325 1856 iudicanda
359 1788 395 1855 in
428 1787 533 1874 priore
564 1790 658 1874 parte
690 1787 900 1873 epistularum
934 1787 997 1852 duo
1029 1787 1136 1872 parati
1165 1790 1244 1858 sunt
1268 1787 1356 1872 libri,

151 1890 358 1972 Florentinus
375 1891 432 1978 (F)
457 1895 491 1956 et
504 1889 696 1957 Dresdensis
719 1891 788 1978 (D),
805 1892 842 1954 ut
855 1910 960 1976 pauca
970 1888 1182 1956 Riccardiani
1204 1895 1359 1976 excerpis

150 2017 239 2062 nunc
267 1994 427 2060 omittam.
476 2014 552 2059 narn
585 1993 742 2080 impressa
774 1992 987 2082 exemplaria,
1020 1995 1193 2079 propterea
1225 1993 1311 2080 quod
1339 2017 1360 2058 a

150 2096 340 2163 Florentino
363 2096 471 2163 codice
493 2095 652 2182 pendent,
674 2095 709 2160 in
731 2095 793 2162 bac
807 2099 900 2182 parte
922 2099 980 2162 eut
993 2095 1119 2161 nullam
1134 2099 1191 2162 aut
1206 2097 1358 2184 exiguam

150 2199 378 2266 auctoritatem
399 2198 531 2265 hebent.

235 2302 306 2368 Iam
327 2325 403 2368 vero
426 2325 466 2367 ex
487 2304 528 2368 iis
549 2323 631 2388 quae
654 2303 693 2368 de
715 2304 817 2388 stirpe
832 2303 988 2368 librorum
1002 2303 1089 2368 dicta
1111 2305 1189 2369 sunt
1211 2304 1358 2390 sequitur

149 2409 186 2473 in
207 2407 246 2472 iis
269 2403 366 2490 locis,
388 2407 425 2471 in
446 2404 562 2492 quibus
584 2427 658 2472 cum
679 2405 824 2470 Mediceo
852 2412 886 2470 et
907 2402 1068 2471 Vaticano
1090 2405 1200 2470 codice
1220 2405 1274 2472 rel
1295 2408 1358 2472 hoc

150 2508 320 2575 deficiente
342 2530 413 2574 cum
438 2530 502 2574 uno
525 2506 669 2574 Mediceo
691 2505 884 2574 Drasdensis
907 2507 1072 2574 consentit
1094 2511 1208 2574 contra
1222 2507 1356 2576 Floren-

112 2618 113 2621 ’
150 2611 256 2678 tinum
278 2610 435 2695 codicem,
451 2628 537 2676 'earn
567 2627 760 2676 eonsensum
787 2610 960 2696 plurimum
986 2609 1106 2676 habere
1135 2611 1350 2678 auctoritatis.

150 2717 219 2780 tum
246 2707 334 2779 enirn
362 2712 543 2779 Florentini
572 2713 690 2779 codicis
717 2712 877 2798 scriptura
911 2714 1100 2800 plerumque
1128 2714 1356 2800 interpolatori

150 2816 292 2882 debetur.
317 2815 406 2881 cuius
421 2816 551 2902 generis
573 2816 744 2881 innumera
759 2818 837 2881 sunt
858 2817 1021 2902 exempla,
1045 2827 1080 2902 p.'
1092 2817 1145 2902 49,
1161 2817 1204 2882 20
1224 2840 1356 2900 sequun-

149 2930 201 2985 tur
223 2923 380 2985 auditores
401 2925 555 2985 actoribus
576 2925 686 2984 similes
707 2925 855 2984 conducti
873 2929 904 2984 et
923 2925 1088 3002 redempti,
1118 2942 1263 3002 manceps
1285 2943 1355 2987 coa-

149 3019 271 3089 uenitur
291 3030 402 3088 ΜΠ)
424 3034 591 3103 sequuntur
613 3027 769 3086 creditores
796 3027 971 3088 auctoribus
996 3029 1106 3088 similes
1134 3029 1315 3089 conuertitur
1336 3047 1356 3089 a
1400 3103 1409 3115 s

149 3129 307 3191 conductis
328 3121 358 3189 'et
373 3130 535 3206 redemptis
553 3135 597 3191 F:
621 3126 671 3210 75,
683 3126 725 3190 29
748 3129 821 3189 dari
840 3131 900 3190 sibi
920 3131 1061 3190 dicracdi
1080 3131 1357 3209 crimiaapostula·

149 3231 200 3293 bat
221 3238 251 3293 D
273 3231 347 3291 dari
366 3232 426 3292 sibi
445 3232 523 3292 idem
546 3240 577 3293 et
597 3235 647 3293 edi
666 3235 796 3294 crimina
817 3233 992 3309 postulabat
1006 3238 1080 3294 MV
1103 3234 1178 3293 dari
1196 3234 1255 3295 sibi
1275 3236 1356 3296 diem

148 3335 193 3395 ad
213 3334 358 3394 diluenda
379 3335 509 3395 crimina
525 3337 697 3412 postulauit
711 3340 754 3395 F:
778 3330 829 3417 99,
853 3331 892 3396 13
916 3334 1086 3397 Corneliam
1108 3338 1267 3396 uestalium
1289 3354 1354 3398 ma·

148 3432 264 3499 mimam
287 3440 397 3499 MVD
420 3441 587 3500 corneliam
602 3440 804 3500 maximillam
826 3441 970 3500 aestatem
990 3444 1034 3499 F:
1061 3434 1170 3518 102,5
1190 3440 1247 3500 sed
1261 3441 1356 3516 prius

149 3542 256 3618 accipe
270 3556 383 3602 causas
397 3541 531 3616 reponat
544 3547 655 3602 MVD
678 3544 734 3603 sed
742 3543 833 3618 prius
848 3544 955 3618 accipe
968 3559 1081 3604 causas
1095 3542 1232 3618 ropaadi
1245 3543 1356 3603 deinde

147 3647 246 3721 ipsum
269 3643 352 3720 quod
365 3649 441 3720 peto
462 3650 503 3706 F:
528 3641 602 3722 106,
626 3640 646 3704 9
668 3647 804 3720 merasce,
824 3646 1063 3722 primumquod
1086 3677 1123 3689 -
1146 3661 1208 3706 aaa
1230 3653 1355 3706 matura

147 3746 203 3807 sed
222 3763 293 3806 sera
313 3752 398 3825 sient,
424 3749 534 3808 deiude
555 3749 757 3824 quadrarum
780 3765 856 3824 quas
870 3750 999 3823 adsequi
1019 3750 1127 3824 cupias
1143 3750 1356 3825 praesumptio

148 3851 217 3927 ipsa
239 3851 374 3910 iucunda
395 3856 440 3909 cst
460 3855 569 3910 ΜΠ)
591 3852 714 3925 tpuosce
732 3852 865 3926 primum
894 3852 967 3927 quia
993 3853 1071 3911 uatis
1097 3853 1160 3911 siris
1182 3867 1269 3912 amor
1288 3852 1354 3926 ple·

148 3969 275 4029 rumque
296 3955 479 4029 praecurrit
505 3955 614 4014 deiude
641 3955 724 4030 quod
747 3986 779 3998 -·
808 3970 870 4014 aon
898 3945 1018 4014 matura
1046 3954 1102 4015 sed
1127 3970 1199 4014 sera
1226 3959 1296 4014 suat
1322 3954 1353 4012 in
1450 3977 1454 3981 ·

148 4071 263 4117 amma
284 4055 368 4132 quod
387 4058 466 4117 uotis
488 4073 556 4137 sqq.
578 4061 622 4117 F:
646 4051 697 4116 vel
724 4051 844 4116 leviore
864 4050 964 4136 talia,
987 4075 1019 4137 p.
1043 4051 1096 4134 32,
1123 4052 1163 4117 15
1191 4057 1357 4117 clarissimi
1459 4133 1462 4142 1

147 4160 238 4238 ciuis,
262 4160 395 4236 perinde
419 4159 521 4233 seticis
542 4163 650 4220 MVD
678 4161 842 4222 clarissimi
867 4160 944 4221 ciuis
971 4165 1001 4220 et
1025 4160 1155 4233 perinde
1180 4158 1287 4231 felicis
1308 4164 1353 4219 1⁴¹:
1450 4208 1455 4216 .

147 4255 199 4334 40,
227 4257 267 4320 14
288 4262 377 4337 clippi
395 4264 457 4323 siat
471 4265 560 4323 moda
581 4267 691 4323 MVD
715 4265 856 4336 atatam·
875 4264 936 4322 siat
962 4262 1052 4328 moda
1073 4266 1117 4321 F:
1148 4256 1200 4339 66,
1227 4258 1266 4320 16
1289 4264 1351 4322 ad—

147 4363 221 4423 stitit
242 4365 273 4423 ei
291 4369 400 4425 MVD
423 4367 540 4426 adstitit
560 4367 639 4425 cuitu
663 4369 692 4426 ei
712 4370 757 4426 F:
780 4361 833 4443 83,
855 4359 877 4426 5
899 4371 932 4425 ut
961 4381 1021 4426 aaa
1042 4365 1160 4426 moriar
1181 4368 1293 4424 MVD
1315 4381 1354 4424 uc

147 4468 265 4526 moriar
286 4472 329 4527 F:
360 4464 431 4548 107,
453 4463 476 4528 4
502 4469 844 4546 memorialiter,
874 4468 991 4529 maiore
1017 4483 1086 4528 cum
1111 4466 1220 4540 fructu
1242 4471 1352 4527 ΜΠ)

147 4583 261 4645 maana
282 4587 347 4633 cum
369 4572 474 4632 labare
495 4573 550 4632 sed
562 4573 680 4634 maiore
693 4589 761 4634 cum
778 4571 888 4646 fractu
901 4576 940 4632 F.
964 4568 1197 4632 verumtamen
1219 4570 1355 4652 propter
