2934 4966
174 255 239 321 352
508 232 512 238 ’
701 265 732 316 o.
756 268 854 318 emm
909 332 913 339 .

175 428 225 492 est
247 445 325 510 ergo
347 426 415 488 tam
436 421 502 506 tui,
525 424 594 486 tem
609 420 745 507 ignaris
767 423 833 508 sui,
857 425 893 488 ut
914 423 1021 489 locum
1041 423 1141 489 istum
1155 427 1235 510 post
1255 423 1296 492 t'e
1318 443 1392 489 con·

176 529 336 614 cupiscst:
357 524 487 590 facilius
509 527 559 589 est
580 527 617 589 ut
638 545 708 590 esse
730 523 845 612 aliquis
860 547 1027 592 successor
1047 528 1122 591 tuus
1142 528 1267 619 pessit,
1293 548 1392 614 quam

176 633 213 695 ut
235 630 322 696 velit.
360 629 431 714 quis
454 627 541 694 enim
565 647 661 692 curae
682 631 759 693 tuae
780 628 897 695 molem
918 631 1034 715 sponte
1049 614 1189 694 subeas?
1210 630 1289 717 quis
1307 651 1391 696 com·

175 733 286 818 parari
307 731 370 797 tibi
391 752 459 797 non
480 729 691 796 reformidet?
718 735 868 817 expertus
891 731 1015 816 etipse
1036 751 1089 815 es,
1118 751 1218 816 quam
1244 730 1295 796 sit
1317 751 1391 797 oue·

176 855 284 899 rosum
305 832 476 899 succedere
498 832 585 897 bono
606 831 764 919 principi,
788 836 822 898 et
836 831 1007 898 adferebas
1021 832 1268 898 excusationem
1292 833 1431 919 adopa'

174 936 247 1001 tait
285 957 328 1001 an
350 956 451 1021 parva
472 939 744 1020 pronaquesunt
769 935 811 1000 ad
832 935 1075 1020 aemulandum,
1102 931 1189 1021 quod
1217 953 1321 999 nemo
1342 934 1391 998 in·

177 1037 398 1104 'columitatem
430 1035 631 1122 turpitudine
664 1036 830 1122 rependit,
865 1038 956 1104 selva
985 1041 1036 1104 est
1066 1035 1219 1103 omnibus
1249 1035 1326 1101 vita
1358 1040 1391 1100 et

175 1140 320 1227 dignitas
341 1139 444 1224 vitae,
472 1160 534 1204 nec
555 1136 621 1203 iam
643 1137 864 1204 considemus
886 1160 925 1204 ec
952 1139 1083 1226 sepiens
1104 1138 1161 1225 qui
1183 1139 1334 1203 aetatem
1354 1138 1389 1203 in

175 1241 319 1308 tenebris
351 1240 446 1328 agit?
482 1239 595 1306 eedem
622 1239 742 1327 quippe
768 1240 829 1306 sub
856 1239 1004 1327 principe
1031 1240 1208 1308 virtutibus
1236 1239 1389 1327 praemia

133 1343 135 1346 ’
174 1365 257 1430 quae
278 1343 314 1408 in
336 1342 499 1428 libertate,
521 1363 584 1409 nec
598 1341 681 1408 bene
702 1341 799 1408 factis
818 1345 948 1409 tantum
970 1364 1010 1409 ex
1025 1341 1226 1410 conscientie
1247 1364 1419 1423 merces„

176 1446 508 1539 amasconstsntiam
530 1445 648 1512 civium
670 1448 838 1532 rectosque
866 1467 903 1512 ac
930 1444 1054 1512 vividos
1075 1446 1202 1512 animos
1229 1467 1320 1531 non,
1351 1449 1387 1511 ut

176 1547 247 1634 alii,
271 1548 443 1614 contundis
467 1570 506 1614 ac
526 1548 705 1634 deprimis,
722 1548 779 1614 sed
799 1547 889 1614 fovee
913 1551 946 1615 et
960 1547 1096 1615 attollis.
1131 1547 1268 1635 prodest
1282 1549 1384 1615 bonos

175 1673 259 1735 csse,
283 1673 357 1717 cum
378 1651 422 1717 sit
443 1650 523 1717 satis
545 1650 753 1737 abundeque,
782 1650 810 1716 si
837 1671 905 1717 non
926 1655 1039 1717 nocet:
1065 1650 1117 1717 his
1145 1650 1307 1737 honores,
1335 1649 1384 1717 his

175 1752 373 1839 sacerdotia,
395 1752 448 1820 his
468 1753 652 1841 provincias
673 1752 785 1820 offers:
807 1751 843 1818 bi
865 1753 1009 1819 amicitia
1030 1757 1104 1839 tua,
1133 1752 1169 1819 hi
1190 1753 1316 1820 iudicio
1330 1752 1383 1820 flo

175 1860 259 1922 rent.
314 1860 475 1922 acuuntur
511 1858 575 1929 isto
599 1855 803 1942 integritatis
838 1859 872 1921 et
902 1855 1082 1922 industriae
1107 1857 1214 1943 pretio
1248 1855 1413 1942 similes„

103 1947 107 1956 ’
152 1944 157 1953 ⁸
175 1957 346 2024 dissimiles
369 1958 580 2024 adliciuntur:
603 1979 681 2024 nam
701 1958 846 2044 praemis
865 1958 1023 2025 bonorum
1037 1957 1260 2044 malorumque
1283 1960 1383 2026 bonos

175 2082 214 2127 ac
235 2059 338 2135 malos
360 2061 498 2128 faciunt.
535 2061 631 2148 pauci
653 2060 732 2126 adeo
753 2060 888 2147 ingenio
909 2060 1037 2146 valent,
1060 2064 1188 2128 utnon
1209 2064 1307 2148 turpe
1328 2061 1381 2128 bo

174 2167 383 2251 aestumque,
417 2166 515 2250 prout
541 2163 624 2229 bene
657 2166 715 2228 sut
747 2183 839 2228 secus
861 2163 974 2249 cessit,
1008 2165 1164 2250 expetant
1192 2162 1381 2251 fugiantre3

176 2267 291 2352 ceteri,
313 2267 369 2332 ubi
390 2265 511 2333 laboris
532 2267 686 2351 inertiae,
709 2265 901 2353 vigilantius
921 2287 1051 2351 somno,
1074 2265 1278 2353 frugalitatis
1292 2267 1381 2333 luxu·
1418 2272 1422 2279 '

174 2371 242 2436 riae
274 2391 398 2436 merces
425 2369 537 2454 datur,
570 2369 682 2435 eadem
707 2367 772 2434 ista
803 2367 920 2455 quibus
947 2367 1042 2433 alios*
1057 2368 1182 2434 artibus
1212 2367 1411 2447 adsecutos„

174 2473 287 2539 vident
308 2475 551 2557 consectentur,
573 2470 747 2559 qualesque
767 2473 846 2537 sunt
865 2469 915 2534 illi
920 2520 931 2556 ,
953 2470 1036 2536 tales
1058 2493 1129 2537 esse
1150 2473 1185 2537 et
1202 2471 1309 2538 rideri
1330 2493 1381 2538 so

44 2592 46 2597 ·
108 2574 265 2660 '451unt,
289 2578 323 2641 et
344 2575 421 2640 dum
442 2573 571 2659 volunt,
594 2573 688 2639 fiunt.
702 2587 704 2591 ·
720 2576 753 2638 et
774 2572 898 2658 priores
919 2572 1050 2659 quidem
1063 2573 1230 2660 principes
1245 2578 1380 2661 excepto

174 2681 268 2764 petre
289 2679 363 2763 tuo,
386 2680 557 2764 praeterea
577 2699 643 2742 uno
665 2680 723 2741 aut
744 2674 863 2761 eltero,
887 2678 920 2741 et
941 2677 1040 2742 nimis
1054 2677 1138 2763 dixi,
1161 2676 1251 2742 vitiis
1272 2677 1379 2765 potius

176 2780 294 2846 civium
321 2802 420 2867 quam
446 2779 620 2846 virtutibus
640 2779 862 2863 laetabantur,
877 2779 1032 2864 primum
1059 2779 1144 2865 quod
1169 2780 1206 2846 in
1235 2781 1380 2846 aliosne

174 2872 331 2970 quemque
352 2887 473 2973 natura
494 2881 649 2968 delectet,
673 2881 790 2947 deinde
810 2880 897 2969 quod
909 2882 1310 2968 patientiores-servitutis
1332 2904 1408 2959 rer-e

174 2985 380 3052 bitrabantur
401 3008 480 3073 quos
502 3007 570 3052 non
592 2984 720 3051 deceret
741 3004 811 3049 esse
832 2983 898 3049 nisi
919 3005 1038 3049 servos.
1076 2985 1192 3050 horum
1212 2985 1251 3051 in
1273 2986 1379 3052 sinum

173 3089 283 3154 omnia
306 3089 543 3176 congerebant3
565 3089 667 3154 bonos
682 3089 791 3152 autem
813 3086 879 3151 otio
901 3107 940 3152 ac
961 3087 1028 3153 situ
1043 3087 1209 3154 abstrusos
1232 3092 1267 3155 et
1287 3089 1378 3176 quasi

173 3191 316 3279 sepultos
343 3213 412 3259 non
440 3192 506 3258 nisi
534 3189 751 3257 delationibus
780 3193 815 3254 et
842 3189 1008 3275 periculis
1027 3189 1064 3256 in
1092 3189 1198 3257 lucem
1225 3212 1267 3258 sc
1294 3191 1378 3258 diem

245 3402 338 3453 ltsm
356 3402 399 3455 tui
416 3401 500 3454 crab
568 3400 656 3452 istum
673 3399 805 3450 Livineius
828 3398 917 3464 ipsum
935 3397 1025 3449 Aliud
1110 3399 1236 3468 2possit
1254 3404 1380 3468 qusmut

170 3469 264 3538 possit
285 3470 388 3522 uelitb
457 3468 620 3522 3molesd
687 3466 880 3518 tlormidete
949 3473 978 3518 et
994 3483 1042 3519 om.
1061 3468 1119 3520 cod.
1138 3469 1249 3522 Medici.
1319 3473 1380 3522 bet

176 3539 314 3592 efferebat
331 3540 365 3591 B:
385 3543 414 3591 et
432 3555 494 3591 eam
512 3537 653 3589 afferebas
672 3535 882 3588 excusationem
901 3535 1050 3600 adoptanti
1068 3538 1199 3588 hictarius
1315 3537 1379 3589 edo·

173 3609 306 3676 pransis
375 3611 447 3661 bau
464 3623 553 3674 prona
570 3621 712 3673 paruaque
730 3605 775 3659 Βς
843 3606 1000 3669 9praemia
1017 3607 1203 3658 uirtutibus&
1276 3610 1310 3658 10
1328 3621 1379 3658 uec

174 3695 210 3730 ex
225 3677 383 3730 benefactis
400 3682 508 3728 tantum
526 3675 577 3728 sed
596 3681 625 3726 et
643 3691 677 3726 ex
696 3673 868 3725 couscientia
885 3688 992 3724 merces
1015 3676 1037 3722 Δ
1064 3690 1116 3725 uec
1143 3691 1177 3725 ex
1204 3675 1380 3727 conscientia

173 3760 315 3798 mercese
342 3762 395 3798 uec
423 3746 583 3798 benefactis
602 3748 710 3795 tanturn
737 3757 772 3793 ex
799 3742 972 3793 couscientia
999 3741 1048 3792 sed
1066 3744 1154 3793 etism
1171 3745 1300 3809 praemia
1319 3746 1380 3794 suut

173 3830 279 3867 merces
298 3814 445 3866 Cotoaaeus
559 3815 589 3863 11
609 3818 755 3876 rectosque
775 3824 809 3860 ac
826 3810 936 3861 uiuidos
954 3806 993 3865 ds
1011 3818 1158 3876 rectosque
1179 3826 1212 3862 ac
1232 3813 1343 3863 inuidos
1360 3813 1378 3860 B

174 3889 322 3948 rectosque
342 3880 446 3948 (rectos
464 3883 497 3946 Δ)
517 3897 551 3932 ac
570 3881 685 3931 mundos
703 3882 746 3928 Ao
772 3885 935 3943 erectosque
954 3894 988 3930 ac
1006 3880 1116 3931 uiuidos
1138 3880 1259 3930 Wassius
1276 3882 1304 3931 ia
1323 3879 1380 3930 Sol·

173 3957 233 4005 least.
254 3952 365 4004 Catus
435 3954 467 4003 14
484 3952 506 4002 ii
525 3950 650 4002 amicitia
669 3954 717 3998 tua
735 3949 755 3997 ii
774 3946 877 3997 iudicio
895 3947 934 3996 bd
1005 3950 1037 3998 15
1049 3952 1187 3999 acuuntur
1203 3948 1247 3997 er
1265 3950 1378 4000 acciun-

173 4025 219 4072 tur
235 4022 259 4071 Δ
279 4035 311 4070 sc
328 4025 477 4071 utunturc
545 4019 600 4070 isto
619 4019 725 4083 Lipsius
744 4018 792 4066 isti
810 4016 900 4065 ssed
982 4018 1014 4068 18
1036 4017 1109 4069 bene
1127 4022 1177 4068 eut
1194 4032 1276 4068 secus
1296 4017 1379 4085 cessit

146 4087 148 4092 ’
173 4089 308 4141 Bentleius
326 4091 352 4139 in
370 4090 440 4141 Hor.
459 4095 510 4142 sot.
529 4088 564 4138 ΙΙ
582 4092 605 4148 1,
627 4090 661 4138 31
681 4086 750 4136 bene
770 4099 803 4134 ac
822 4097 904 4133 secus
923 4087 1006 4134 cessit
1024 4086 1093 4135 esd
1111 4085 1182 4137 bene
1201 4087 1289 4137 cessit
1307 4100 1322 4134 o

173 4162 308 4224 expetant
325 4159 406 4207 abed
424 4162 576 4224 expectant
593 4173 662 4207 corr.
682 4155 816 4220 expetant
833 4153 856 4202 Δ
873 4158 1023 4217 expectent
1041 4155 1056 4216 β
1120 4157 1152 4207 19
1170 4154 1220 4205 ubi
1238 4152 1377 4219 (superscr.

173 4227 215 4276 uti
233 4225 279 4288 N)
298 4226 389 4277 labori
407 4228 431 4277 Δ
517 4224 719 4292 frugalitatis
822 4223 854 4270 21
874 4235 935 4271 esse
953 4239 987 4271 ac
1006 4223 1137 4275 uiderit
1204 4224 1238 4273 23
1255 4237 1313 4273 uno
1331 4224 1378 4272 aut

174 4294 263 4344 altero
280 4293 402 4345 A²Bacd
420 4311 474 4347 uno
493 4301 522 4346 et
540 4294 630 4344 altero
648 4296 671 4342 Δ
774 4286 880 4356 potius]
905 4293 1038 4355 poenisb
1136 4295 1169 4344 25
1187 4290 1289 4342 deiude
1308 4288 1377 4356 quod

174 4365 258 4414 Aldus
277 4363 396 4429 denique
416 4364 488 4431 quod
506 4364 582 4414 A²ae
601 4363 721 4428 denique
740 4374 809 4426 quos
827 4358 897 4407 esd
915 4359 1014 4411 deiude
1034 4377 1102 4428 quos
1120 4374 1137 4416 ς
1216 4359 1377 4410 arbitrantis
1406 4419 1413 4430 .

174 4446 188 4481 o
275 4435 308 4485 tt
335 4439 428 4485 autem
452 4435 510 4485 otio
537 4448 571 4484 ac
594 4432 652 4483 situ
673 4431 700 4481 l.
721 4431 754 4480 A.
773 4428 911 4478 Ernestius
933 4434 1025 4480 autem
1045 4431 1105 4480 ocio
1124 4435 1174 4480 aut
1190 4429 1248 4478 situ
1265 4429 1313 4478 AB
1333 4431 1377 4479 eut

173 4501 236 4553 ocio
255 4506 303 4551 aut
320 4504 376 4554 situ
394 4505 430 4553 ed
515 4501 696 4554 obstrusosli
783 4497 817 4547 28
834 4496 864 4546 in
882 4495 970 4548 lucem
988 4514 1023 4550 ac
1041 4499 1114 4550 diem
1132 4498 1175 4548 Bt
1192 4498 1222 4548 in
1240 4496 1332 4549 lucem
1349 4503 1376 4548 et

170 4569 246 4623 diem
262 4571 307 4621 Ao
