2934 4966
576 317 583 325 ’
610 303 822 358 Parnassio.
1248 305 1321 356 XXV

115 461 244 549 scriptis
278 462 396 530 collata
427 483 462 528 66
495 461 647 528 habuisse
674 441 732 528 ait.
769 483 846 528 nam
878 481 946 526 non
973 461 1078 528 solum
1111 457 1222 527 mrultis
1243 459 1322 527 locis

32 546 40 562 ⁵
115 566 270 653 priorum*
288 566 466 633 editionum
494 564 667 631 lectionem
699 563 867 651 repetivit,
903 563 959 630 sed
986 564 1086 631 etiam
1114 562 1217 630 iniis
1239 585 1322 651 quae
1411 595 1420 611 ·

108 668 255 735 '‘mutavit
275 669 370 735 modo
391 668 529 734 aliorum
551 667 696 734 codicum
711 668 1034 754 66616166666666166
1049 670 1114 753 661,
1137 667 1232 734 modo
1248 689 1322 736 con·

115 772 256 840 iecturas
288 773 340 840 vel
372 794 447 841 suas
483 771 533 838 vel
554 770 693 837 Iucundi
725 769 941 862 Veronensis,
975 769 1117 836 hominis
1149 770 1321 858 ingeniosi,

119 875 208 944 ouius
230 898 329 963 opera
356 876 485 962 saepius
513 875 549 940 in
577 878 722 942 66166666
744 874 938 961 scriptorum
966 873 1204 961 exemplaribus
1226 875 1322 942 corri-

117 979 232 1068 gendis
254 1001 331 1046 usus
353 982 419 1064 est,
442 977 561 1065 posuit.
721 975 726 983 ’

202 1082 318 1169 ltaque
339 1086 383 1148 61
397 1082 437 1149 de
460 1081 584 1160 duobus
600 1081 781 1168 codicibus,
796 1075 943 1169 vquo'rurn
962 1081 1100 1167 alterum
1123 1079 1159 1148 in
1173 1081 1343 1185 Romana,

118 1184 314 1254 Schureneri
347 1184 503 1271 editione,
539 1185 677 1252 alterum
708 1185 745 1252 in
772 1185 893 1251 Aldina
926 1184 1107 1251 adhibitum
1141 1207 1210 1252 esse
1243 1186 1321 1270 dixi,

116 1287 221 1375 quoa'd
243 1288 311 1354 eius
332 1288 404 1354 fieri
423 1290 549 1374 posset,
579 1289 759 1374 constaret,
788 1288 956 1375 utriusque
978 1288 1129 1355 editionis
1149 1278 1323 1356 lectionem
1428 1321 1431 1328 ·

117 1392 281 1480 integram
314 1390 457 1458 exhibuit
499 1395 532 1458 et
558 1391 712 1479 quoniam
745 1390 787 1457 ad
821 1390 899 1457 Aldi
932 1391 1028 1458 fidem
1062 1391 1322 1478 perspiciendam

117 1494 250 1563 omnino
277 1517 408 1562 necesse
431 1498 503 1561 erat
529 1497 567 1562 ut
598 1516 855 1582 eorumquoque
885 1516 968 1580 quae
989 1497 1064 1581 post
1085 1495 1267 1582 principem
1289 1497 1323 1562 et

117 1597 300 1666 Romanam
322 1599 495 1665 editionem
518 1606 643 1664 mutata
663 1601 740 1664 6661
760 1598 844 1682 ratio
869 1596 1058 1683 haberetur,
1082 1597 1199 1665 horum
1218 1600 1320 1665 testes

117 1700 215 1768 habui
237 1701 408 1788 Pomponii
431 1701 541 1786 Laeti,
569 1700 735 1786 Beroaldi,
759 1700 917 1769 Catenaei
947 1701 1120 1786 editiones,
1150 1703 1323 1790 propterea

118 1804 205 1891 quod
225 1803 291 1870 illis
306 1804 512 1890 potissimum
534 1805 654 1870 Aldum
676 1827 770 1871 usum
793 1826 863 1871 esse
884 1804 962 1870 vidi.

202 1907 252 1973 De
275 1907 468 1974 auctoritate
483 1930 564 1994 quae
586 1907 643 1973 uni
658 1907 773 1994 cuique
793 1906 876 1973 libro
890 1908 925 1973 in
942 1908 1170 1975 constituenda
1184 1909 1323 1979 lectione

117 2010 291 2077 tribuenda
323 2013 373 2076 est
404 2009 440 2076 in
470 2009 594 2076 duabus
623 2011 953 2077 commentationibus
978 2011 1017 2077 de
1044 2011 1145 2078 Plinii
1176 2014 1323 2100 epistulis

118 2113 327 2180 emendandis
356 2111 520 2200 Erlangae
548 2136 578 2178 a.
610 2114 693 2180 1865
720 2116 754 2179 61
783 2113 865 2180 1866
899 2114 994 2180 editis
1024 2115 1195 2201 disputavi.
1232 2116 1323 2183 cuius

117 2216 348 2302 disputationis
370 2239 529 2282 summam
550 2217 611 2282 hoc
634 2216 705 2281 loco
728 2215 926 2303 complectar
946 2217 1059 2303 paucis
1076 2219 1329 2305 exemplis-uhi·

117 2340 198 2405 opus
219 2318 381 2385 videbitru
403 2318 444 2384 ad
465 2340 534 2384 rem
556 2319 857 2404 demonstrandam,
882 2320 1063 2406 adscriptis.
1100 2344 1201 2388 unum
1223 2322 1325 2409 igitur

118 2422 278 2507 codicem,
312 2423 368 2508 qui
401 2422 640 2489 omnes'Plinii
668 2423 823 2508 epistulas
853 2424 1059 2509 continebat,
1093 2425 1206 2510 primis
1229 2426 1323 2492 annis

117 2523 237 2623 saeculi
259 2525 344 2591 sexti
365 2525 481 2592 decimi
503 2525 539 2592 iu
562 2525 669 2592 Gallia
690 2529 853 2612 repertum
876 2548 945 2593 esse
966 2528 1060 2593 testis
1083 2533 1134 2594 661
1147 2527 1259 2596 Aldus.
1283 2529 1324 2596 ad

117 2619 212 2694 hrrius
234 2621 460 2715 integritatem
481 2629 626 2715 proxime
649 2629 873 2696 accedebatis
896 2652 935 2696 ex
963 2653 1026 2717 quo
1049 2631 1173 2697 decimo
1195 2632 1324 2699 saeculo

117 2731 343 2819 antiquissimi·
357 2731 482 2799 codices
505 2732 560 2819 qui
581 2753 669 2798 nunc
683 2736 868 2820 supersunt,
891 2733 1055 2799 Mediceus
1077 2737 1111 2798 et
1133 2733 1322 2820 Vaticanus,

116 2835 272 2922 descripti
302 2838 392 2901 sunt.
441 2835 583 2901 eiusdem
617 2834 737 2901 codicis
773 2837 997 2923 apographum
1025 2837 1060 2903 16
1094 2841 1207 2904 octavo
1241 2838 1323 2904 libro

116 2937 302 3004 mutilatum
324 2937 476 3003 habuisse
499 2939 623 3005 ridetur
651 2939 678 3004 is
706 2939 762 3025 qui
783 2938 966 3005 Romanam
988 2939 1162 3007 editionem
1186 2942 1324 3008 61414

83 3125 85 3128 ι
117 3042 253 3108 curavit.
296 3040 356 3121 sed
385 3038 465 3106 illud
494 3043 593 3108 trium
624 3043 780 3108 librorum
812 3042 1025 3128 archetypum
1054 3044 1230 3110 66666166
1253 3067 1323 3111 ,666

115 3145 198 3211 66116
219 3145 349 3230 integro
371 3144 503 3211 ductum
525 3149 608 3213 erat:
637 3169 714 3216 nam
742 3145 832 3210 etin
859 3147 967 3232 primo
987 3150 1027 3212 61
1042 3146 1149 3213 tertio'
1162 3148 1244 3213 libro
1266 3147 1323 3213 ali-

116 3250 196 3334 quot
217 3247 425 3336 membranae
458 3248 623 3334 perierant
657 3249 803 3334 (ultimas
827 3249 918 3315 enim
946 3249 1025 3315 noni
1054 3249 1129 3315 libri
1157 3250 1322 3336 epistulas,

115 3350 250 3438 quaein
265 3349 410 3416 Mediceo
427 3351 535 3416 oodice
558 3351 684 3437 desunt,
707 3375 773 3418 non
787 3356 921 3437 propter
936 3352 1098 3418 defectum
1114 3353 1325 3421 vetustissimi

116 3452 311 3538 exemplaris
333 3453 484 3539 omissas,
509 3455 564 3519 sed
586 3454 797 3540 neglegentia
816 3454 942 3532 librarii
970 3477 1036 3521 666
1059 3455 1206 3541 scriptas
1219 3459 1336 3542 puto),¹

48 3594 50 3599 ·
116 3559 152 3623 et
173 3557 335 3642 scriptura
357 3578 423 3622 non
451 3557 554 3621 nullis
571 3555 650 3621 locis
672 3556 791 3622 detrita
814 3561 893 3622 erat.
930 3562 1099 3642 praeterea
1127 3559 1178 3624 vel
1200 3581 1240 3624 ex
1261 3559 1324 3626 hoc

115 3661 189 3746 ipso
205 3659 320 3726 codiee
342 3658 394 3725 vel
416 3680 456 3724 ex
479 3659 541 3724 alio
569 3657 645 3724 huic
668 3659 766 3724 simili
788 3660 912 3726 factum
941 3663 991 3726 661
1019 3661 1259 3747 apographum,
1288 3663 1323 3729 in

115 3784 181 3849 quo
202 3765 335 3828 octavus
357 3762 440 3828 liber
461 3761 614 3846 omissus,
638 3761 674 3826 16
696 3761 810 3847 quinto
833 3766 866 3828 et
888 3763 923 3829 in
943 3785 1031 3828 nono
1045 3763 1128 3829 libro
1143 3768 1235 3832 vetus
1258 3764 1323 3850 epi·

115 3865 274 3932 stularrrm
296 3865 373 3931 ordo
395 3864 617 3951 perturbatus,
647 3863 684 3929 in
705 3863 767 3931 hoc
789 3866 888 3931 etiam
911 3866 1050 3952 epistula
1072 3869 1165 3932 sexta
1186 3866 1322 3952 decima,

113 3969 151 4034 in
174 3968 295 4055 primo,
325 3971 362 4032 ut
383 3967 525 4051 videtur,
545 3970 697 4052 quattuor
719 3968 877 4053 epistulae
900 3969 930 4055 8,
957 3970 1007 4054 12,
1033 3969 1095 4053 23,
1109 3969 1153 4034 24
1174 3968 1321 4056 omissae,

114 4071 255 4157 denique
277 4070 379 4137 multa
397 4093 421 4134 *a
449 4070 638 4158 neglegenti
665 4069 797 4136 librario
824 4072 916 4137 valde
944 4070 1121 4156 depravata
1147 4074 1252 4137 erant.
1290 4072 1324 4138 id

114 4178 229 4262 postea
251 4174 286 4240 in
307 4172 437 4239 Italiam
458 4175 639 4247 travectum
661 4171 736 4238 1666
758 4173 837 4259 1611,
861 4196 900 4240 ex
921 4197 984 4260 quo
1000 4195 1111 4239 omnes
1132 4176 1206 4240 octo
1227 4173 1322 4241 libro·

114 4300 188 4344 rum
221 4273 362 4343 codices'
378 4298 513 4362 quorum
552 4276 669 4362 ingens
702 4298 854 4343 numerus
890 4277 1004 4364 quinto
1037 4276 1161 4342 decimo
1195 4278 1323 4345 saeculo

115 4380 256 4466 scriptus
279 4382 342 4464 est,
366 4378 503 4445 derivati
525 4382 610 4444 sunt.
649 4379 775 4445 diversa
790 4379 915 4467 origine
937 4380 1002 4446 1611
1024 4378 1106 4445 61166
1122 4380 1221 4446 codex
1245 4385 1322 4447 ante

114 4483 276 4551 decimum
298 4481 463 4549 saeculum
486 4483 651 4548 constanti
673 4483 877 4568 grammatici
907 4483 1072 4549 cuiusdam
1095 4484 1201 4549 studio
1223 4483 1322 4550 inter·

113 4585 260 4677 polatus,
283 4585 430 4673 quitum
451 4589 603 4673 quattuor
624 4589 753 4654 tantum
779 4585 878 4652 libros
903 4608 974 4654 cum
1002 4608 1058 4652 sex
1081 4586 1226 4674 epistulis
1246 4586 1321 4653 libri
