2934 4966
432 325 681 377 arrsruaaaun
695 325 772 389 vin.
788 321 813 372 r.
828 320 853 372 a.
867 320 894 373 a.
913 315 949 384 (a
966 318 1024 370 ros.
1041 307 1101 384 ros)
1306 304 1370 371 217

163 483 245 550 adeo
271 480 412 566 validus,
441 485 479 549 ut
506 481 564 548 illa
586 504 651 569 qua
671 483 826 569 properat
846 479 931 567 ipse,
959 500 1154 565 quamquam
1181 498 1241 564 per
1267 477 1371 544 solum

163 585 316 672 planum,
337 584 436 671 remis
457 607 525 653 non
548 585 734 668 adiuvetur,
761 584 848 651 idem
870 583 1049 670 aegerrime
1075 581 1173 649 remis
1201 580 1370 667 contisque

163 689 334 773 superetur
367 688 530 755 adversus.
574 676 748 755 iucundum
776 692 946 772 utrumque
980 707 1038 771 per
1064 686 1170 752 iocum
1197 683 1402 770 ludumqued

162 789 379 876 fluitantibus,
391 795 428 857 ut
439 791 589 858 flexerint
600 812 738 875 cursum,
749 790 895 856 laborem
906 788 983 872 otio,
997 789 1100 854 otium
1111 787 1222 853 labore
1232 787 1369 853 variare.

133 895 253 978 aripao
275 895 404 960 fraxino
422 894 541 980 multa,
571 894 674 959 multa
700 894 820 981 populo
848 893 1047 976 vestiuntur,
1074 912 1155 976 quas
1184 889 1371 974 perspicuus
1404 920 1406 924 ⁴
1463 923 1465 927 ·

163 995 269 1063 amnis
292 997 381 1062 velut
395 997 630 1063 ‘mersasviridi
653 997 797 1083 imagine
823 995 1024 1063 adnumerat.
1068 993 1159 1080 rigor
1180 987 1283 1077 aquae
1306 1013 1372 1057 oer-

162 1099 284 1165 taverit
311 1099 455 1186 uiribus,
490 1123 551 1172 neo
579 1100 666 1174 aolor
694 1100 789 1167 cedit.
823 1099 950 1179 adiacet
983 1096 1140 1183 templum
1154 1094 1311 1194 'priscum
1340 1095 1402 1160 etb

162 1201 368 1287 religiosum:
396 1206 465 1269 stat
491 1202 675 1271 Clitumnus
704 1201 774 1288 ipse
803 1201 939 1268 amiotus
967 1202 1164 1284 ornatusque
1188 1199 1371 1282 praetexta:

163 1326 319 1391 praesens
344 1322 468 1372 numen
495 1309 593 1392 atque
615 1305 713 1372 etiam
737 1305 907 1372 fatidicum
929 1300 1079 1369 indicant
1106 1303 1220 1366 sortes.
1245 1321 1373 1393 sparsa

121 1431 150 1469 ιο
164 1408 243 1472 sunt
264 1398 484 1475 eirea-saeella
499 1409 664 1495 complura
685 1408 883 1494 totidemque
898 1407 941 1472 di.
976 1427 1035 1475 sua
1057 1405 1172 1490 auique
1194 1401 1371 1486 veneratio,

146 1531 257 1575 suum
279 1532 417 1595 nomen,
441 1512 632 1597 quibusdam
655 1533 730 1577 vero
752 1511 850 1577 etiam
871 1509 991 1575 fontes.
1025 1529 1102 1574 nam
1124 1508 1254 1591 praeter
1281 1504 1373 1570 illum

163 1613 256 1696 quasi
277 1617 447 1698 parentem
469 1618 647 1681 ceterorum
669 1617 748 1679 sunt
768 1613 909 1679 minores
928 1595 1037 1697 ¹oa'pite
1059 1609 1207 1694 discreti,
1236 1609 1292 1674 sed
1314 1608 1371 1675 flu·

163 1714 245 1780 mini
261 1715 452 1800 miscentur,
476 1718 560 1803 quod
575 1720 674 1803 ponte
688 1696 953 1805 transmittiturh
970 1714 999 1779 is
1021 1711 1180 1778 terminus
1194 1712 1278 1779 sacri
1300 1713 1402 1796 pro-6

163 1818 308 1904 fanique.
343 1819 379 1885 in
401 1820 564 1905 superiore
578 1823 672 1905 parte
686 1819 843 1905 navigare
864 1809 1009 1900 tautum,
1032 1815 1121 1880 infra
1136 1814 1234 1880 etiam
1256 1817 1373 1879 natare

125 1941 151 1979 1⁵
166 1942 365 1986 eoncessum
412 1921 577 1988 balineum
610 1921 826 2007 Hispellates,
860 1920 976 2006 quibus
1008 1918 1099 1983 illum
1140 1916 1247 1983 looum
1281 1916 1373 1981 divus

164 2024 335 2110 Augustus
357 2024 441 2090 dono
463 2024 567 2109 dedit,
591 2024 720 2111 publioe
742 2024 917 2110 praebent,
947 2021 1106 2108 praebent
1129 2023 1162 2084 et
1184 2019 1371 2104 hospitium.

164 2148 225 2192 neo
253 2125 372 2192 desunt
397 2127 509 2212 villae,
537 2149 620 2213 quae
647 2129 776 2194 secutae
804 2125 946 2191 fluminis
974 2123 1205 2190 amoenitatem
1230 2121 1373 2207 margini

163 2228 333 2294 insistunt.
366 2229 402 2294 iu
424 2252 549 2303 summa
582 2228 665 2295 nihil
693 2230 755 2294 erit
782 2251 822 2295 ex
844 2250 906 2314 quo
928 2249 995 2293 uon
1024 2227 1133 2311 capias
1161 2224 1401 2310 voluptatem?

165 2353 242 2396 nam
264 2331 408 2398 studebis
430 2354 572 2418 quoque3
599 2333 689 2419 leges
711 2332 814 2398 multa
834 2332 1010 2397 multorum
1031 2328 1181 2394 omnibus
1205 2321 1373 2410 columnis,

124 2456 152 2495 ao
165 2434 314 2500 omnibus
328 2435 507 2520 parietibus
530 2434 702 2520 inscripta,
726 2435 841 2520 quibus
857 2435 930 2500 lons
952 2432 1006 2519 ille
1023 2422 1372 2516 deusque‘oelebratur.
1434 2465 1436 2469 ·

165 2535 258 2622 plura
279 2536 442 2623 laudabis,
466 2560 532 2602 nou
554 2537 645 2602 nulla
666 2537 802 2633 ridebis3
828 2557 1021 2622 quamquam
1041 2504 1081 2600 tu
1103 2555 1189 2619 vero,
1212 2516 1295 2618 qu'a'e¹
1317 2534 1374 2596 tua

163 2637 368 2724 humanitas,
392 2639 482 2705 nulla
499 2638 635 2712 ridebis,
669 2639 752 2707 vale.

722 2808 829 2876 VIIII.

535 2934 566 2986 c.
591 2932 743 2986 narnias
760 2931 861 2984 uaso
880 2931 951 2983 suo
971 2931 999 2982 e.
1021 2940 1023 2943 ·
1054 2941 1056 2943 >

125 3072 151 3110 aa
185 3043 187 3046 ’
245 3048 337 3116 'Olim
353 3073 419 3117 uon
441 3051 560 3116 librum
583 3052 771 3133 inmania,
794 3072 860 3114 non
874 3049 992 3140 stilum
1003 3047 1143 3133 sumpsi;
1165 3046 1242 3112 olim
1264 3031 1401 3111 neseiol

163 3153 240 3237 quid
263 3154 306 3217 sit
328 3153 444 3237 otium,
467 3154 543 3239 quid
558 3152 666 3239 quies,
691 3152 767 3238 qnid
783 3153 920 3236 denique
943 3151 1024 3217 illud
1046 3150 1134 3215 iners
1157 3149 1303 3235 quidem,
1327 3148 1374 3212 iu·

164 3256 305 3322 cundum
327 3259 437 3322 tamen
459 3257 542 3322 nihil
566 3278 678 3342 agere,
708 3254 791 3320 nihil
820 3278 904 3320 esse:
936 3255 1016 3320 adeo
1039 3254 1143 3319 multa
1164 3275 1216 3318 me
1239 3250 1387 3337 negotia·

163 3358 340 3425 amicornm
363 3381 424 3424 nea
446 3360 593 3426 secedere
609 3381 668 3424 nea
692 3360 1016 3443 studere-›patiuutun
1052 3356 1142 3422 nulla
1158 3348 1253 3422 enim
1268 3344 1404 3420 suanae

162 3463 249 3526 tanti
271 3465 363 3546 suut,
392 3465 430 3526 ut
451 3461 612 3527 amicitiae
634 3461 778 3525 officium
804 3460 987 3548 deseratur,
1017 3458 1101 3545 quod
1131 3457 1379 3545 religiosissime

122 3563 407 3629 aooustodiendum
430 3564 538 3630 studia
559 3565 630 3649 ipsa
652 3563 869 3650 praecipiunt.
902 3562 985 3629 vale.

234 3913 246 3960 l
266 3906 447 3976 quamquam]
467 3914 600 3974 tanquam
619 3923 636 3956 a
716 3913 732 3958 ‘2
751 3909 917 3960 adiuuentur
935 3910 959 3965 Ι,
979 3911 1009 3959 F.
1031 3909 1174 3960 Gronovius
1261 3908 1277 3956 4
1296 3904 1373 3954 flrrui-

163 3980 289 4030 tantitas
306 3993 324 4028 a
410 3975 533 4043 bvolut]
554 3983 585 4026 ut
602 3977 629 4024 n
726 3975 861 4044 imagine]
889 3980 1010 4043 margini
1029 3979 1203 4043 lllurlrlaerrrdaa
1221 3976 1296 4037 epist.
1316 3974 1374 4023 orit.

160 4066 189 4114 ρ.
209 4045 374 4099 erassem.
394 4049 449 4098 sila.
471 4046 549 4107 113,
571 4046 604 4095 16
673 4046 795 4110 lladqua
812 4046 839 4094 Χ
911 4051 943 4098 10
960 4046 1103 4112 cumplura
1127 4046 1155 4093 M
1224 4041 1263 4092 dii
1281 4043 1309 4089 bi
1329 4040 1373 4089 dol

161 4133 180 4168 ι
252 4120 280 4165 ll
303 4115 389 4166 fontis
407 4116 434 4163 Μ
522 4118 553 4164 14
573 4122 680 4164 tarnum
700 4115 775 4164 infra
793 4117 879 4165 etiam
898 4115 947 4166 amq
965 4116 1000 4176 n,
1021 4117 1081 4164 adal.
1102 4130 1119 4163 a
1214 4112 1244 4160 16
1264 4108 1375 4175 publico

162 4185 300 4252 praebent
319 4181 456 4250 praebent
473 4182 623 4247 hospitium
640 4184 668 4230 Η
686 4183 797 4249 publice
815 4183 951 4246 praebant
970 4189 999 4232 et
1015 4182 1165 4249 hospitium
1182 4195 1200 4229 a
1296 4179 1327 4228 18
1346 4176 1374 4226 in

163 4253 262 4304 summi
282 4255 310 4301 Μ
397 4249 503 4317 asapius]
524 4258 657 4316 captess
727 4255 887 4315 usquequo
907 4251 1064 4315 otlegosu
1264 4269 1265 4272 ¹

232 4320 313 4373 vnn
331 4323 365 4372 ‘28
383 4317 528 4388 secedere]
548 4319 645 4372 sedare
663 4334 679 4369 a
749 4323 782 4372 ’29
800 4324 866 4370 sunt
883 4337 929 4372 oar.
947 4322 984 4382 M,
1003 4320 1064 4370 add.
1084 4333 1102 4368 s
1134 4365 1136 4370 .
