2934 4966
99 305 160 371 162
621 323 653 376 o.
675 326 775 377 annu

96 475 288 544 latissimus:
309 477 398 545 hunc
419 480 482 560 duo
504 482 561 546 aut
582 481 664 564 tres,
685 483 723 547 ut
739 480 807 545 sibi
828 481 863 545 et
877 481 990 565 paucis
1003 481 1166 568 videntur,
1190 481 1308 557 diserti

96 579 200 644 surdis
222 581 382 667 mutisque
404 581 525 647 similes
554 581 740 649 audiebant.
766 601 852 647 ·non
880 581 973 647 labra
994 582 1209 670 diduxerunt,
1236 606 1307 651 non

96 687 266 749 moverunt
292 705 440 770 manum,
474 705 542 750 non
569 684 708 770 denique
734 684 1000 769 adsurrexerunt,
1028 685 1146 752 saltem
1173 686 1307 754 lassitu-

45 771 171 850 'adine
192 785 334 852 sedendi.
379 786 462 872 quae
484 785 579 852 tanta
601 784 771 873 gravitas?
791 785 880 871 quae
895 789 992 852 tanta
1013 788 1201 872 sapientia?
1222 812 1307 876 quse

95 885 194 952 immo
226 888 378 975 pigritia,
413 889 624 976 adrogantia,
658 888 855 954 sinisteritas
885 910 928 955 ac
953 881 1063 975 potius
1091 891 1247 976 amentia,
1269 892 1334 960 ins.

95 987 284 1071 beatotum
306 990 392 1056 diem
413 991 607 1077 inpendere,
637 995 674 1057 ut
702 990 862 1074 offendas,
888 981 928 1055 ut
948 991 1117 1058 inimicum
1138 993 1308 1080 relinquas
1331 1018 1345 1057 .·

65 1091 136 1160 aad
151 1114 246 1179 quem
259 1097 427 1178 tamquam
442 1093 675 1159 amicissimum
690 1093 842 1159 veneris?
863 1092 1015 1159 disertior
1036 1095 1106 1181 ipse
1129 1095 1193 1161 es?
1209 1100 1307 1162 tanto

95 1196 201 1281 magis
222 1218 266 1261 ne
287 1196 460 1262 invideris:
493 1219 571 1262 nam
593 1197 649 1282 qui
669 1195 795 1261 invidet
822 1195 930 1261 minor
958 1199 1020 1262 est.
1064 1196 1216 1283 denique
1237 1184 1307 1264 sive

11 1372 13 1375 v
96 1297 168 1383 plus
194 1299 263 1365 sive
289 1299 405 1380 minus,
426 1300 493 1373 sive
520 1298 606 1365 idem
627 1301 793 1385 praestas,
821 1298 923 1380 ,lauda
951 1298 1004 1364 vel
1032 1298 1224 1367 inferiorem
1255 1301 1305 1366 vel

96 1402 294 1486 superiorem
319 1401 373 1466 vel
401 1423 528 1487 parem:
562 1402 775 1485 superiorem,
808 1401 903 1487 quia,
937 1401 1012 1467 nisi
1025 1401 1209 1468 laudandus
1236 1403 1304 1492 ille,
1319 1428 1345 1469 ιο

95 1524 162 1568 non
184 1507 277 1590 potes
299 1504 368 1589 ipse
390 1503 532 1588 laudari,
555 1503 752 1574 inferiorem
765 1506 824 1575 aut
837 1524 975 1589 parem,
999 1504 1075 1590 quia
1096 1506 1244 1590 pertinet
1264 1504 1307 1570 ad

96 1609 187 1672 tuam
209 1607 347 1694 gloriam
369 1629 468 1692 quam
488 1607 665 1682 maximum
692 1605 793 1672 rideri
822 1626 918 1690 quem
945 1606 1125 1691 praecedis
1138 1605 1192 1673 rel
1212 1603 1307 1674 exae-

66 1716 186 1794 5quaa.
231 1709 379 1796 equidem
412 1730 523 1774 omnes
556 1709 612 1794 qui
641 1706 764 1793 aliquid
790 1707 830 1780 in¹
855 1707 977 1784 studiis.
996 1707 1126 1773 faciunt
1153 1710 1306 1775 venerari

96 1813 195 1878 etiam
216 1812 392 1898 mirarique
420 1811 518 1881 soleo.
562 1814 613 1876 est
639 1810 727 1876 enim
754 1832 806 1875 res
833 1807 976 1874 difficilis
1005 1808 1108 1874 ardua
1134 1809 1307 1878 fastidiosa

95 1918 129 1980 et
159 1936 243 2000 quae
276 1936 330 1980 eos
357 1937 383 2004 ,a
415 1914 530 2000 quibus
565 1914 786 1979 contemnitur
818 1913 959 1978 invicem
994 1916 1201 1979 contemnat:
1238 1915 1341 1992 nisisn

95 2018 180 2083 forte
202 2018 288 2084 aliud
310 2017 434 2082 iudicas
454 2021 502 2082 tn.
531 2037 728 2102 quamquam
749 2015 822 2101 quis
843 2037 910 2080 uno
930 2018 964 2080 te
987 2015 1189 2081 reverentior
1210 2015 1306 2083 buius

67 2119 218 2206 6operis,
241 2120 314 2205 quis
336 2119 509 2205 benignior
531 2114 742 2183 aestimator?
775 2139 839 2208 qua
860 2117 990 2183 ratione
1017 2117 1134 2183 duobis
1161 2118 1226 2185 tibi
1248 2141 1304 2206 po·

96 2223 257 2289 tissimum
289 2222 549 2308 indignationem
582 2243 689 2286 meam
706 2219 864 2306 prodidi,
904 2240 1001 2304 quem
1029 2219 1151 2286 habere
1181 2221 1306 2289 socium

48 2395 49 2398 ,
96 2327 237 2392 maxime
258 2329 413 2411 poteram
458 2324 539 2408 vale.

338 2585 344 2595 ἱ
412 2588 414 2592 .
515 2587 540 2592 ,.
638 2492 761 2561 XVlH.

456 2616 487 2669 c.
506 2615 655 2670 eamme
673 2616 806 2669 enemo
831 2615 902 2668 suo
921 2616 949 2670 s.

70 2745 108 2811 1.
182 2714 296 2822 Rogas
322 2738 359 2799 ut
387 2756 484 2820 agam
511 2732 735 2799 Firmanorum
761 2733 926 2819 publicam
949 2754 1095 2819 causam
1123 2734 1209 2820 quod
1233 2757 1305 2821 ego,

97 2860 295 2926 quamquam
327 2837 475 2923 plurimis
508 2836 775 2923 occupationibus
811 2836 988 2920 distentus,
1023 2836 1165 2902 adnitar.
1211 2839 1307 2924 cupio

100 2943 188 3008 enim
210 2945 244 3007 et
265 2940 504 3007 ornatissimam
527 2940 686 3005 coloniam
709 2939 931 3004 advocationis
945 2938 1060 3004 officio
1077 2943 1111 3004 et
1132 2943 1166 3005 te
1188 2941 1306 3026 gratis·

69 3045 181 3119 2simo
200 3045 265 3111 tibi
287 3064 421 3109 munere
436 3042 651 3128 obstringere.
681 3064 760 3107 nam
775 3063 847 3107 cum
867 3040 1125 3114 familiaritatem
1141 3045 1305 3128 quosnam,
1318 3070 1344 3112 rs

78 3152 140 3214 *ut
160 3148 244 3214 soles
265 3146 469 3232 praedicare,
493 3145 534 3210 ad
555 3131 751 3229 praesidium
766 3147 1058 3229 ornamentumque
1079 3138 1307 3230 ubi'sumpse

99 3252 160 3335 ris,
190 3250 274 3316 nihil
297 3253 348 3314 est
373 3248 457 3333 quod
478 3269 602 3333 negare
630 3247 781 3330 debeam,
810 3247 1003 3332 praesertim
1030 3266 1089 3331 pro
1114 3247 1223 3331 patria
1252 3270 1307 3333 pe·

99 3355 195 3419 tenti.
239 3352 316 3439 qnid
352 3351 439 3417 enim
478 3350 627 3435 precibus
666 3353 723 3415 aut
753 3349 922 3415 honestius
954 3348 1017 3434 piis
1050 3352 1108 3414 aut
1140 3348 1308 3415 efficacius

70 3455 274 3530 3amantisl.
297 3454 432 3540 proinde
461 3452 622 3517 Firmanis
652 3454 718 3517 tuis
751 3474 789 3517 ac
816 3452 883 3516 iam
912 3451 1021 3536 potins
1053 3451 1176 3517 nostris
1198 3451 1309 3538 obliga

99 3558 196 3624 fidem
224 3579 346 3641 meam,
378 3576 457 3640 quos
492 3554 602 3620 labore
635 3558 668 3619 et
696 3555 802 3620 studio
824 3575 896 3619 meo
918 3554 1035 3640 dignos
1058 3575 1132 3619 cum
1153 3553 1344 3639 splendore

169 3865 245 3938 let]
265 3885 299 3920 ex
316 3868 344 3918 Ι
421 3866 617 3928 uiderenturp
703 3866 869 3917 tdiduxere
886 3869 909 3916 Β
928 3865 1146 3916 deduxerunt!
1215 3868 1307 3916 3mo-

100 3956 166 3992 uere
184 3942 207 3989 Β
277 3952 330 3988 non
349 3936 468 4001 denique
486 3936 535 3984 lla
553 3934 671 3999 deniqne
689 3951 745 3985 non
763 3938 827 3998 Dpr
913 3937 1132 3985 assurrexerat)
1202 3936 1308 3985 'ttam-

101 4025 184 4075 quam
204 4007 424 4057 amicissimusa
510 4005 569 4068 ipse
588 4005 786 4069 eslsaipse
806 4004 930 4066 estllpr
997 4004 1122 4054 Sminor
1140 3999 1197 4066 est]
1218 4003 1307 4054 mino·

101 4094 158 4128 reru
175 4079 218 4139 Bp
287 4078 481 4140 9praestatp
553 4076 584 4122 10
603 4070 707 4137 parem]
728 4074 880 4136 partemll
928 4072 1102 4122 illellaile
1123 4072 1255 4137 estDpr

102 4149 133 4196 11
151 4163 206 4197 non
225 4149 303 4210 potes
322 4145 381 4208 ipse
400 4157 454 4192 non
473 4140 616 4190 laudaris
702 4138 810 4208 parem]
830 4148 935 4207 partem
953 4143 981 4190 u
1052 4144 1084 4191 13
1109 4139 1198 4190 omnis
1216 4141 1239 4188 Β
1335 4135 1341 4146 “

103 4217 135 4266 15
155 4214 288 4280 aquibus
307 4239 340 4249 -
359 4213 391 4261 17
409 4211 557 4275 benignior
574 4227 622 4260 orn.
641 4210 669 4257 u
738 4210 855 4260 inuicem
874 4215 1035 4260 contemnat
1052 4212 1115 4271 Dpr
1132 4208 1212 4257 iterit
1230 4223 1247 4257 a
1265 4209 1308 4259 iu·
1328 4214 1333 4222 '

102 4285 208 4333 terimit
226 4279 326 4334 Aldns²
349 4279 516 4343 dedignatur
538 4282 610 4344 vrelqo
709 4281 740 4328 17
761 4280 808 4342 qui
830 4279 1010 4345 benigniorp
1110 4278 1275 4328 aestimator
1293 4292 1309 4328 a

103 4356 269 4402 aestimatur
287 4353 333 4399 Hr
350 4354 490 4399 stestatnr
506 4350 528 4396 Β
547 4351 698 4398 attestatur
714 4361 731 4410 p
750 4353 900 4399 attestator
917 4361 934 4403 ς
1022 4350 1054 4398 19
1072 4343 1209 4412 poteram]
1228 4351 1307 4413 opta·

102 4436 162 4470 ram
180 4422 354 4472 Marklandua
371 4435 411 4484 ep.
430 4419 488 4468 crit.
508 4434 535 4481 p.
556 4420 589 4466 48

84 4624 117 4675 B
146 4556 265 4678 ,gill
280 4560 315 4611 23
332 4556 493 4624 pluribusp
561 4553 713 4606 distractus
731 4566 767 4609 rs
835 4556 870 4605 24
888 4553 1100 4605 ornalnssimsm
1117 4551 1145 4601 1
1215 4554 1249 4605 28
1267 4554 1308 4622 pii

112 4642 150 4676 ar
