2934 4966
57 278 59 282 ’
147 283 210 346 20⁶2
258 271 261 276 ’
671 291 702 341 c.
724 293 822 342 emur

147 455 277 535 totaque
292 446 340 512 illi
355 449 501 512 monstro
515 446 643 533 relicta3
659 448 921 532 proscribebatur
934 452 1057 532 tamen,
1072 469 1131 514 scu
1143 448 1217 535 quis
1231 468 1351 532 emere,
1463 451 1464 454 ’

118 557 203 621 lscu
230 552 301 637 quis
329 549 507 615 conducere
533 550 668 636 ignarus
703 552 791 616 tanti
816 550 893 616 mali
923 550 1029 617 vellet.
1082 550 1174 618 venit
1199 548 1352 617 Athenas

146 653 355 742 philosophus
376 651 620 739 Athenodorus,
644 652 727 740 legit
752 653 886 719 titulum
917 653 1089 738 auditoque
1122 653 1245 738 pretio,
1273 652 1352 739 quia

147 761 296 843 suspecta
325 755 448 840 vilitas,
475 757 705 840 percunctatus
737 756 848 822 omnia
875 757 1008 822 docetur
1033 777 1073 820 ac
1099 753 1204 820 nihilo
1230 747 1350 840 minus,

146 861 244 926 immo
272 864 365 925 tanto
392 859 496 945 magis
524 857 684 923 conducit.
723 858 781 924 ubi
807 859 917 944 coepit
942 858 1227 943 advesperascere,
1259 857 1375 926 iubete
1455 908 1459 913 -

147 963 247 1029 sterni
269 962 332 1028 sibi
345 963 382 1027 in
395 961 501 1047 primo
515 960 628 1026 domus
643 964 753 1045 parte,
776 962 882 1047 poscit
895 960 1078 1052 pugillares
1099 959 1210 1026 stilum
1224 959 1351 1046 lumen,
1454 1010 1458 1029 2

147 1088 221 1131 suos
248 1086 359 1131 omnes
387 1066 423 1130 in
449 1063 606 1129 interiora
632 1062 783 1147 dimittit,
812 1063 883 1149 ipse
910 1062 952 1129 ad
977 1062 1183 1129 scribendum
1204 1062 1352 1129 animum

147 1169 255 1234 oculos
286 1189 419 1233 manum
450 1165 608 1249 intendit,
640 1187 683 1231 nc
714 1180 817 1230 vacua
849 1187 941 1231 mens
968 1166 1080 1232 audita
1111 1163 1286 1232 simulacra
1318 1169 1353 1232 et

118 1272 260 1348 sinancs
275 1269 337 1335 sibi
351 1271 456 1334 metus
470 1267 621 1354 fingeret.
658 1266 768 1351 initio,
783 1267 878 1353 quale
891 1269 1027 1356 ubique,
1048 1268 1217 1335 silentium
1230 1267 1350 1352 noctis,
1390 1260 1395 1269 ’

147 1371 221 1437 dein
237 1373 364 1437 concuti
386 1371 523 1456 ferrum,
544 1370 678 1436 surcula
691 1369 828 1435 moveri:
851 1369 907 1435 ille
921 1393 988 1437 non
1002 1371 1116 1438 tollere
1138 1369 1259 1455 oculos,
1280 1390 1388 1461 nonis
1450 1355 1458 1371 ⁶

147 1475 311 1538 remittere
333 1473 459 1558 stilum,
483 1473 538 1538 secl
561 1473 722 1538 ctfinuure
743 1474 888 1538 animum
909 1474 1103 1560 auribusque
1124 1472 1351 1559 praetendere:

146 1581 216 1641 tum
239 1575 437 1641 crebrescere
457 1575 586 1662 fragor,
610 1577 784 1641 :idianis-‚re
812 1579 845 1641 et
871 1576 938 1641 iam
964 1579 1003 1641 ut
1022 1576 1058 1669 in
1079 1575 1203 1662 limine,
1218 1575 1293 1651 ‚iam
1313 1578 1352 1643 ut
1383 1606 1409 1667 .‘

146 1680 234 1745 intro
255 1678 355 1744 limen
371 1678 490 1744 audiri:
513 1678 656 1763 respicit,
679 1678 768 1743 videt
781 1678 994 1765 agnoscitque
1007 1681 1176 1744 nmratum
1196 1677 1260 1744 sibi
1280 1677 1352 1743 effi·

118 1780 244 1868 ogram.
279 1781 387 1846 stabat
407 1780 627 1868 innuebatque
649 1780 752 1867 digito
784 1781 900 1847 similis
928 1781 1073 1847 vocanti:
1100 1779 1155 1847 bic
1177 1783 1293 1847 contra
1314 1782 1352 1846 ut
1389 1772 1419 1819 Ὺ
1454 1769 1457 1775 ’

146 1883 277 1968 paulum
299 1885 486 1968 expectaret
512 1905 610 1948 manu
637 1882 803 1969 siguificat
830 1904 1004 1969 rursusque
1025 1883 1107 1950 ceris
1137 1887 1172 1949 et
1198 1882 1274 1950 stilo
1290 1880 1387 1954 'in-rs

148 1984 285 2073 cambit:
313 1984 370 2050 illa
391 1985 563 2050 scribentis
592 1985 692 2070 capiti
714 1984 838 2050 catenis
859 1985 1051 2052 insonabat:
1077 1985 1212 2072 respicit
1238 2007 1351 2051 rursus

35 2153 37 2158 ,
146 2087 231 2153 idem
246 2088 330 2172 quod
349 2086 438 2172 prius
460 2087 652 2154 innuentem
672 2110 733 2154 nec
755 2091 897 2154 moratus
916 2087 1004 2154 tollit
1025 2087 1134 2154 lumen
1148 2090 1183 2161 et
1197 2089 1350 2175 sequitur.
1405 2138 1409 2146 -
1443 2114 1448 2133 ¹

98 2197 139 2262 10
146 2189 215 2255 ibat
236 2189 293 2254 illa
315 2189 404 2255 lento
419 2190 539 2277 gradu,
562 2191 654 2277 quasi
669 2191 777 2276 gravis
799 2189 953 2256 vinculis:
974 2193 1148 2277 postquam
1162 2190 1294 2257 deflexit
1315 2191 1351 2256 in

147 2314 255 2357 aream
276 2292 405 2378 domus,
428 2295 563 2378 repente
584 2293 710 2378 dilapsa
732 2292 851 2358 deserit
873 2294 1039 2359 comitem:
1065 2294 1210 2360 desertus
1232 2293 1350 2359 herbas

98 2404 134 2467 11
148 2397 180 2460 et
201 2394 280 2459 folia
304 2398 478 2480 concerpta
499 2395 630 2481 siguum
652 2395 722 2461 loco
736 2396 840 2480 ponit.
873 2399 1002 2480 postero
1024 2396 1076 2463 die
1090 2395 1159 2461 adit
1179 2395 1386 2482 magistra-20
1444 2414 1447 2420 ’

146 2501 199 2563 tus
204 2547 214 2581 ‚
237 2501 348 2563 monet
367 2500 406 2563 ut
426 2498 519 2563 illum
539 2497 646 2564 locum
668 2497 764 2563 effodi
785 2497 930 2564 iubeant.
967 2497 1180 2564 inveniuntur
1199 2519 1274 2564 ossa
1301 2499 1351 2564 in·

146 2603 234 2665 serta
248 2600 371 2665 catenis
394 2604 427 2665 et
447 2600 613 2686 inplicita,
636 2623 718 2686 quae
735 2622 850 2687 corpus
865 2622 944 2666 aevo
965 2603 1116 2686 terraque
1130 2601 1351 2686 putrefactum

146 2701 234 2767 nuda
261 2705 294 2767 et
321 2725 415 2768 exesa
441 2702 616 2790 reliquerat
637 2703 790 2770 vinculis:
819 2703 954 2769 collecta
981 2703 1110 2788 publice
1136 2703 1349 2790 sepeliuntur.

99 2809 138 2876 12
147 2804 258 2873 domus
279 2809 393 2891 postea
414 2806 475 2871 rite
497 2805 808 2872 conditis'manibus
832 2806 945 2871 caruit.
987 2808 1019 2870 et
1041 2804 1122 2871 haec
1144 2805 1274 2892 quidem
1297 2806 1350 2872 ad·
1466 2877 1467 2880 ,

145 2908 350 2974 firmantibus
373 2908 483 2994 cred03
504 2909 584 2974 illud
602 2909 771 2974 adfirmare
786 2909 859 2974 aliis
873 2917 1021 2992 possum
1048 2911 1098 2974 est
1119 2907 1255 2975 libertus
1269 2908 1350 2974 mihi
1361 2938 1386 2981 s

145 3032 214 3076 non
234 3011 448 3078 inlitteratus:
472 3034 545 3077 cum
565 3010 627 3078 hoc
649 3012 755 3077 minor
775 3011 878 3076 frater
900 3009 1011 3074 eodem
1039 3011 1125 3077 lecto
1145 3008 1350 3098 quiescebat:

145 3113 173 3179 is
194 3114 282 3179 visus
305 3118 354 3180 est
375 3114 438 3181 sibi
461 3136 592 3180 cernere
613 3115 774 3200 quendam
800 3113 836 3177 in
857 3115 929 3177 toro
957 3111 1152 3179 residentem
1179 3112 1351 3179 admoveri·
1386 3125 1388 3128 ⁴

44 3257 47 3262 ·
146 3219 274 3302 temque
297 3217 396 3302 capiti
423 3239 481 3282 suo
504 3217 622 3283 culmos
644 3221 741 3302 atque
763 3215 861 3280 etiam
883 3236 923 3280 ex
943 3214 1015 3299 ipso
1037 3215 1158 3281 vertice
1180 3218 1352 3300 amputan-

146 3320 213 3383 tem
244 3319 388 3404 capillos.
432 3320 488 3385 ubi
515 3320 648 3402 inluxit,
681 3319 751 3403 ipse
779 3316 864 3387 circa
892 3317 1047 3382 verticem
1074 3321 1205 3402 tonsus,
1240 3318 1352 3404 capilli

98 3421 290 3493 13iacentes
304 3423 519 3506 reperiuntur.
557 3421 709 3507 exiguum
723 3419 878 3506 temporis
893 3420 1043 3504 medium,
1065 3423 1099 3485 et
1120 3442 1231 3486 rursus
1246 3420 1351 3487 simile
1363 3453 1388 3494 ω

147 3524 233 3589 aliud
264 3525 363 3611 priori
388 3525 485 3591 fidem
515 3524 605 3590 fecit.
658 3544 739 3610 puer
769 3523 806 3588 in
830 3523 1031 3610 paedagogio
1052 3523 1172 3588 mixtus
1204 3523 1352 3610 pluribus

216 3771 301 3819 laen
319 3768 381 3833 quis
400 3783 491 3819 emere
510 3785 557 3820 our.
576 3768 619 3830 Dp
700 3765 935 3828 sathenodrusp
1021 3761 1100 3833 quia]
1122 3768 1191 3818 atil
1271 3770 1353 3821 tsn-

146 3837 343 3902 spectabilitas
361 3839 388 3885 lt
473 3836 562 3887 Gsibi
579 3837 667 3902 primu
689 3837 717 3883 bi
785 3833 886 3884 stelum
903 3837 931 3882 H
1016 3835 1131 3886 binitio
1151 3836 1233 3902 quale
1249 3838 1354 3904 ubique

146 3906 196 3955 Ιι
213 3905 349 3967 initioque
366 3905 467 3969 ubique
483 3907 526 3966 Dp
545 3905 687 3967 inicioque
706 3902 790 3967 quale
812 3903 915 3967 ubique
932 3915 970 3959 ις
1056 3905 1148 3956 noctis
1165 3921 1213 3958 om.
1230 3920 1248 3968 p
1320 3909 1354 3958 10
1443 3946 1447 3953 .

147 3973 248 4023 deinde
266 3987 325 4035 pra
412 3977 441 4023 11
461 3974 629 4037 auribusque
652 3987 762 4021 manum
780 3970 943 4036 pretendere
961 3985 997 4029 ις
1020 3974 1167 4040 acriusque
1184 3974 1354 4039 pertendere

148 4041 321 4091 lllcrlslandus
337 4043 365 4091 iu
382 4041 450 4091 Stat.
467 4043 523 4095 silo,
544 4041 619 4098 115,
638 4043 675 4090 23
780 4041 811 4090 12
834 4039 919 4089 etiam
942 4047 973 4090 ut
997 4042 1026 4091 iu
1049 4041 1190 4092 liminati
1216 4042 1304 4092 etiam
1321 4047 1354 4094 ut

148 4108 242 4159 limine
260 4111 303 4173 Dp
330 4117 359 4160 et
377 4111 406 4159 in
424 4109 552 4160 lirniner
578 4109 664 4160 etiam
680 4109 710 4158 in
728 4107 857 4163 limiues
884 4109 969 4159 etiam
987 4127 1022 4161 ac
1044 4112 1100 4161 iam
1122 4116 1153 4161 nt
1175 4111 1205 4160 in
1223 4109 1319 4162 limine
1337 4127 1354 4161 a
1466 4126 1467 4156 ι

216 4181 248 4228 15
266 4176 407 4244 paululum
425 4193 466 4240 pa
534 4180 567 4228 ‘20
585 4179 748 4228 concernit
819 4176 929 4226 adidrr
997 4182 1030 4230 21
1049 4180 1250 4241 inueniuntpr
1320 4182 1353 4231 22

145 4247 330 4314 implicatalt
400 4241 483 4313 aevo]
503 4247 643 4296 aceruol)
712 4249 745 4296 23
765 4248 920 4296 excessui)
990 4246 1201 4314 reliquerautlll
1271 4249 1307 4299 24
1325 4253 1355 4299 et

146 4315 199 4366 boc
218 4318 299 4381 quasi
317 4316 552 4367 affirmantibusr
662 4317 696 4367 25
714 4314 781 4364 mihi
808 4329 862 4364 nou
881 4315 1055 4368 inlitteratus
1079 4318 1115 4368 Μ.
1135 4331 1195 4366 curu
1213 4317 1258 4379 Dp
1285 4317 1354 4368 mihi

36 4430 40 4437 .
146 4383 259 4436 Marcus
277 4400 332 4435 non
350 4385 524 4447 illitteratus,
544 4398 605 4434 cum
625 4385 770 4434 Coronaeus
838 4384 872 4433 26
890 4383 963 4437 lecto
982 4385 1115 4438 sodemn
1176 4385 1209 4434 27
1229 4385 1354 4436 residen-

148 4456 258 4518 temque
277 4455 364 4519 capiti
382 4455 404 4502 n
422 4453 590 4503 residentem
610 4454 732 4518 capitip
817 4453 850 4502 28
869 4452 959 4505 cultro
973 4469 992 4507 ‚r
1065 4451 1157 4517 adque
1175 4452 1203 4501 Π
1239 4478 1243 4486 -
1273 4458 1307 4505 30
1324 4462 1381 4507 et.

147 4535 228 4585 onup
314 4526 344 4573 31
365 4523 394 4573 in
418 4522 551 4590 paedagio
569 4534 607 4585 ps
631 4524 660 4572 in
679 4520 871 4588 praedagiolt
895 4538 910 4573 e
929 4522 1105 4588 paedagogio
1123 4521 1232 4587 Lipsius
1249 4539 1308 4574 exc.
1327 4525 1355 4575 in

140 4589 204 4641 Tac.
223 4607 284 4647 ann.
304 4592 369 4644 XV
378 4596 414 4645 59
