2934 4966
158 256 224 324 262
687 266 720 317 c.
742 267 841 317 emur

129 432 248 498 limare
274 423 408 490 revolvi.
444 427 573 490 constat
601 422 773 491 Octavium
799 422 950 509 Avitum,
980 424 1128 511 Isgutum
1153 402 1370 513 proconsulis,
1432 367 1455 540 ἰ

158 533 195 597 in
221 529 299 594 litus
326 527 443 620 educto
469 527 627 614 religione
655 547 759 613 prava
785 525 1006 613 superfudisse
1026 537 1247 615 unguentum,
1278 525 1372 594 cuius
1446 547 1456 596 t

158 631 251 698 illum
271 630 450 696 novitatem
464 630 657 717 odoremque
676 629 713 695 in
727 627 832 695 altum
852 629 1011 717 refugisse
1025 651 1088 695 nec
1108 630 1176 697 uisi
1194 634 1275 717 post
1287 630 1371 697 mul·

158 739 210 800 tos
231 733 300 799 dies
314 732 419 797 usum
440 732 633 819 languidum
654 735 688 798 ct
701 735 878 815 maestum,
899 754 975 799 mox
989 731 1124 799 redditis
1145 731 1270 799 viribus
1285 732 1372 820 prio·

110 839 151 905 10
159 858 228 903 rem
252 835 421 901 lasciviam
443 840 476 900 et
497 835 594 901 solita
614 834 797 900 ministeria
821 835 990 922 repetisse.
1021 833 1229 901 confluebant
1256 857 1397 903 omnesa

160 939 202 1005 ad
228 937 450 1025 spectaculum
476 938 702 1023 magistratus,
732 958 870 1023 quorum
896 936 1048 1007 adventu,
1064 940 1099 1005 et
1124 959 1216 1004 mora
1241 937 1374 1009 modica
1448 913 1458 1010 l

159 1065 212 1109 res
239 1040 370 1128 publica
402 1042 495 1122 noris
522 1039 705 1126 sumptibus
738 1039 950 1107 atterebatur.
990 1043 1153 1127 postremo
1180 1040 1274 1107 locus
1300 1040 1397 1127 ipse·
1449 1029 1452 1110 l

160 1144 303 1231 quietem
323 1165 415 1219 sunm
437 1145 660 1228 secretumque
674 1140 842 1227 perdebat
872 1142 997 1228 placuit
1017 1143 1144 1209 occulte
1164 1142 1310 1209 interfici
1332 1142 1374 1209 ed
1448 1117 1456 1166 l

111 1246 245 1332 llquod
267 1245 424 1312 coibatur.
453 1248 535 1312 haec
555 1247 594 1310 tu
615 1265 680 1331 qua
695 1243 922 1329 miseratione,
945 1266 1009 1330 qua
1030 1245 1125 1331 copia
1146 1244 1299 1331 deflebis,
1323 1267 1373 1312 or·
1447 1243 1456 1350 l

159 1348 255 1415 nabis
261 1398 271 1435 ‚
299 1347 444 1414 attolles!
482 1367 678 1434 quamquam
703 1350 853 1412 nonest
879 1346 1138 1435 opus-adtingas
1165 1346 1290 1435 aliquid
1315 1350 1406 1414 autu
1447 1365 1453 1408 ;

160 1451 327 1518 adstruas:
349 1450 473 1518 sufficit
491 1472 534 1517 ne
556 1471 699 1537 eaquae
721 1452 799 1517 sunt
819 1471 897 1517 rora
916 1449 1120 1518 numum.
1148 1450 1232 1517 vale

676 1618 851 1688 XXXIIII.
959 1652 965 1661 ·

470 1743 501 1800 c.
519 1743 670 1797 scurrus
687 1743 928 1808 rssuoumuo
947 1742 1018 1798 suo
1036 1744 1065 1799 s.
1443 1820 1450 1845 Ι

1443 1862 1448 1893 l

134 1866 151 1930 1
246 1861 386 1948 Explica
402 1866 527 1928 aestum
541 1884 665 1928 meum:
688 1861 783 1927 audio
797 1882 850 1927 me
863 1861 949 1928 male
969 1861 1095 1949 legere,
1117 1861 1292 1928 dumtaxat
1304 1882 1372 1927 ver·
1444 1898 1448 1949 3

91 1957 93 1960 ’
161 1987 232 2050 sus;
259 1964 424 2030 orationes
451 1964 539 2030 euim
566 1965 749 2048 commode,
777 1966 834 2030 sed
861 1968 956 2030 tanto
976 1964 1086 2031 miuus
1106 1986 1230 2031 veram.
1261 1963 1404 2050 cogites
1443 1996 1448 2013 =

162 2087 240 2154 ergo
273 2067 468 2135 recitaturus
500 2065 716 2134 familiaribus
749 2067 862 2134 amicis
896 2067 1037 2153 experiri
1072 2067 1225 2135 libertum
1253 2088 1370 2134 meum.
1442 2092 1447 2145 i

160 2167 223 2236 hcc
237 2191 362 2256 quoque
384 2169 561 2255 familiare,
584 2171 669 2257 quod
691 2171 775 2258 elegi
789 2193 857 2237 uon
871 2170 970 2257 bene,
991 2168 1050 2236 sed
1063 2170 1178 2236 melius
1198 2168 1372 2255 lecturum
1442 2152 1447 2191 ²

132 2273 191 2343 tsi
212 2275 324 2338 tamen
338 2294 408 2339 non
428 2272 529 2338 fuerit
542 2274 761 2359 perturbatus.
790 2276 841 2339 est
854 2272 944 2339 enim
959 2274 1028 2338 tam
1040 2293 1144 2339 norus
1157 2272 1260 2339 lector
1274 2294 1373 2359 quam
1442 2314 1445 2319 ·

163 2395 224 2461 ego
245 2377 353 2460 poeta.
384 2375 454 2461 ipse
475 2374 586 2440 nescio
600 2375 678 2461 quid
698 2374 756 2441 illo
776 2375 908 2462 legente
928 2374 1063 2441 interim
1082 2375 1220 2460 faciam,
1241 2372 1374 2441 sedeam
1441 2388 1447 2401 '

162 2477 285 2545 defixus
308 2481 342 2544 et
362 2481 470 2571 mutus
485 2481 518 2543 et
539 2477 655 2544 similis
675 2478 794 2562 otioso,
818 2500 878 2563 an,
901 2482 939 2544 ut
953 2477 1101 2564 quidam,
1124 2498 1207 2565 quae
1227 2497 1406 2565 pronun-u

161 2580 260 2646 tiabit
281 2602 445 2646 murmure
460 2578 561 2646 oculis
583 2602 684 2647 manu
704 2601 891 2667 prosequar.
921 2579 979 2645 sed
1000 2583 1080 2666 puto
1100 2602 1153 2647 me
1173 2601 1243 2646 nou
1263 2579 1373 2647 minus

162 2683 247 2749 male
269 2681 390 2749 saltare
412 2704 510 2769 quam
530 2681 649 2768 legere.
680 2683 799 2748 iterum
819 2681 944 2767 dicam,
968 2683 1095 2768 explica
1116 2684 1243 2749 aestum
1264 2704 1374 2749 meum
1439 2760 1442 2767 Ι

162 2807 299 2872 vereque
321 2786 479 2870 rescribe,
500 2807 581 2851 num
602 2785 646 2850 sit
666 2784 782 2851 melius
803 2785 942 2870 pessime
963 2783 1088 2872 legere,
1115 2807 1214 2872 quam
1234 2784 1303 2851 ista
1323 2784 1374 2851 rel

163 2910 231 2955 non
251 2888 361 2955 iacere
381 2888 434 2955 vel
454 2889 572 2955 facere.
605 2887 685 2954 vale.

700 3057 837 3124 XXXV.
1123 3124 1128 3133 ,
1339 3126 1343 3135 .
1383 3091 1407 3132 5

536 3180 569 3235 0.
582 3181 730 3234 PLINIUS
749 3179 862 3233 ATRIO
880 3179 953 3232 SUO
971 3179 999 3232 S.

135 3301 171 3367 1⁷
248 3299 383 3366 Librum
404 3322 501 3388 quem
514 3299 632 3364 misisti
653 3297 762 3383 recepi
785 3300 817 3362 et
838 3296 963 3384 gratias
985 3286 1058 3384 ago.
1091 3319 1164 3363 sum
1184 3299 1299 3365 tumen
1312 3298 1373 3365 hoc

163 3405 309 3488 tempore
337 3402 625 3504 occupatissimus:
661 3399 733 3466 ideo
760 3399 905 3465 nondum
932 3422 1006 3465 eum
1033 3398 1116 3487 legi,
1151 3422 1225 3467 cum
1253 3400 1373 3488 alioqui

233 3647 389 3699 lreuoluit
407 3652 537 3698 constant
553 3647 577 3695 Β
654 3644 766 3695 Avitum
783 3655 845 3698 rsa
862 3643 968 3693 abitum
986 3645 1009 3692 Β
1027 3643 1188 3708 habitump
1276 3660 1372 3697 rocou⁸

115 3719 128 3738 ⁸
165 3715 234 3766 sulis
252 3728 292 3771 ςι
309 3732 421 3780 procon.
440 3729 478 3779 pr
494 3713 729 3780 proconsulemlt
798 3712 948 3762 tseducto
965 3714 988 3761 Β
1008 3712 1142 3763 eductor
1210 3662 1297 3766 ailla
1314 3728 1333 3763 a

165 3785 291 3835 nouitate
310 3798 327 3848 p
379 3783 557 3848 ordinemque
574 3785 609 3834 n:
627 3783 744 3844 sortasse
763 3778 928 3844 odoremque
948 3785 1128 3844 aspernatum
1145 3781 1176 3831 iu
1193 3781 1284 3832 altum
1300 3782 1372 3833 retu·

165 3856 250 3917 gisse.
355 3856 370 3904 5
390 3853 474 3903 solita
492 3851 647 3901 ministeria
664 3862 723 3904 r3a
745 3847 858 3898 solitam
880 3848 995 3898 iussisse
1014 3849 1091 3900 seria
1107 3850 1130 3899 Β
1148 3848 1264 3901 solitam
1282 3852 1370 3901 uisum

165 3934 227 3970 esse
245 3922 319 3972 seria
337 3935 353 3984 p
424 3922 439 3971 6
458 3919 494 3969 ad
513 3918 703 3984 spectaculum
722 3932 816 3967 omnes
835 3930 852 3964 a
904 3917 1012 3968 modica
1030 3933 1104 3984 resp.
1116 3918 1197 3969 nouis
1216 3920 1370 3984 sumptibus

163 4002 201 4038 rs
218 3989 327 4039 modica
345 4006 418 4056 resp.
439 3989 619 4038 nouissimum
637 3987 763 4052 partibus
780 3987 824 4047 Dp
843 3985 997 4037 immodicis
1019 4002 1092 4050 resp.
1111 3987 1271 4052 sumptibus
1288 3998 1306 4043 ς

163 4058 365 4124 sprodebatr
452 4055 573 4123 occulte}
593 4062 702 4106 secrete
720 4069 738 4103 a
818 4048 894 4120 9tu]
915 4062 995 4104 tuar
1065 4058 1099 4108 10
1117 4054 1255 4122 alligas!
1323 4058 1370 4104 aut

114 4141 123 4160 ⁶
166 4129 336 4177 asseruerit
355 4133 403 4179 aut
422 4131 514 4176 struas
533 4140 550 4175 s
1400 4130 1403 4138 '

232 4247 394 4299 xxxxlm
413 4248 445 4298 15
464 4244 603 4297 commode
623 4242 672 4295 sed
688 4257 706 4293 a
722 4241 870 4293 commodis
896 4246 925 4292 et
941 4244 964 4291 Β
983 4243 1151 4296 commodius
1169 4247 1200 4294 st
1215 4256 1253 4307 pr
1341 4242 1371 4293 16
1393 4207 1398 4214 θ

166 4313 244 4382 erqo]
265 4332 351 4382 quor
420 4319 451 4366 17
469 4314 520 4366 sed
539 4314 637 4377 melius
656 4316 715 4362 scio
734 4311 867 4361 lecturum
884 4323 943 4366 τςι
966 4313 1003 4362 sit
1021 4311 1119 4363 melius
1137 4312 1275 4362 lecturum
1290 4312 1314 4361 Β
1333 4313 1371 4362 sit

166 4384 263 4435 melius
282 4386 405 4437 lecturus
422 4399 439 4448 p
508 4385 542 4434 20
559 4381 665 4432 defixus
683 4384 776 4430 mutus
793 4380 858 4441 upr
925 4382 959 4430 24
976 4380 1023 4432 vel
1040 4381 1137 4432 facere
1154 4390 1237 4430 ossa-r

233 4503 338 4556 XXXV
355 4507 389 4557 26
406 4503 520 4558 ATRIO
537 4505 559 4552 Β
576 4501 667 4567 Appio
679 4514 714 4564 pr
732 4500 867 4565 Oppios:
884 4499 1000 4562 sortasse
1018 4499 1095 4550 Attio
1164 4498 1198 4550 2⁶1
1216 4501 1369 4567 receptore

156 4570 205 4637 up
277 4580 372 4628 tamen
389 4575 420 4627 in
438 4573 492 4625 hoo
510 4574 532 4624 Β
600 4572 635 4622 '28
653 4569 760 4637 alioqui
779 4567 924 4620 &lancem
941 4584 960 4619 a
977 4567 1086 4636 aliquid
1101 4568 1167 4632 Dpr
