2934 4966
183 286 368 353 258·
522 314 609 368 ,·
710 302 861 355 uranu

184 455 350 523 dissimum
372 454 605 543 ministerium,
628 458 666 523 ut
686 457 726 523 ad
748 456 928 545 Plotinam,
957 450 1390 547 sanctissimamfeminam,
1429 449 1432 455 ¹

152 556 312 623 2litterae
339 560 414 624 tuae
441 559 663 644 perferantur:
695 560 910 648 perferentur.
951 554 1064 627 eadem
1092 564 1302 631 commendas
1328 563 1392 632 Po

182 659 297 745 pilium
312 660 539 728 Artemisium:
562 664 676 730 statim
696 663 846 748 praestiti
859 662 944 750 quod
964 661 1109 749 petebat.
1141 663 1270 733 iudicas
1293 666 1391 735 etiarn

182 760 325 829 modicas
358 766 393 829 te
418 762 599 831 vindemias
627 765 810 853 collegisse:
846 764 1026 831 communis
1051 763 1134 831 haee
1160 766 1242 833 milri
1270 773 1388 856 tecum,

42 866 48 874 “
151 865 376 952 dquamquam
402 866 439 932 in
461 866 677 934 diversissima
699 872 793 954 parte
814 873 991 954 terrarum,
1020 864 1164 952 querella
1191 873 1254 937 est.
1276 872 1412 953 'alteras

182 968 323 1052 epistula
336 968 469 1034 nuntias
483 970 587 1036 multa
607 974 640 1036 tc
655 992 744 1037 nune
758 970 882 1037 dictare
902 991 991 1037 nuuc
1011 968 1168 1049 scribere,
1190 970 1309 1056 quibus
1329 995 1390 1040 nos
1456 996 1462 1007 ·

180 1069 242 1135 tibi
264 1074 504 1156 repraesentes:
532 1074 657 1160 gratias
684 1094 764 1160 ug03
792 1094 923 1159 agerem
948 1073 1074 1158 magis,
1103 1059 1211 1138 sin'e
1237 1073 1298 1141 illa
1318 1077 1390 1163 ipsa
1464 1119 1465 1122 =

180 1193 263 1257 quae
290 1173 405 1238 scribis
433 1177 491 1238 aut
516 1174 622 1241 dietas
648 1175 757 1263 legere
785 1172 951 1240 voluisses.
984 1178 1019 1239 et
1045 1177 1116 1240 erat
1138 1196 1277 1261 aequum
1297 1181 1338 1244 ut
1358 1182 1390 1245 te
1453 1184 1461 1231 -’

180 1295 254 1340 mea
280 1275 328 1341 ita
349 1297 401 1341 me
428 1278 486 1355 tua
508 1277 630 1365 scripta
652 1297 863 1364 cognoscere,
894 1275 1022 1341 etiamsi
1042 1276 1084 1341 ed
1105 1277 1206 1343 aliurn
1225 1300 1327 1366 quam
1350 1281 1390 1347 ad

149 1377 232 1441 4me
253 1377 466 1462 pertinerent.
498 1377 661 1464 polliceris
682 1379 719 1444 in
740 1378 822 1463 fine,
846 1400 920 1444 cum
942 1377 1062 1444 certius
1084 1376 1124 1443 de
1144 1378 1233 1446 ritae
1255 1386 1388 1449 nostrae
1401 1408 1421 1447 u
1447 1370 1450 1409 ³

107 1522 117 1535 .-
179 1477 383 1545 ordinatione
406 1479 526 1566 aliquid
548 1480 704 1565 audieris,
727 1480 871 1546 futurum
892 1481 927 1545 te
948 1478 1124 1566 fugitivum
1144 1481 1193 1547 rei
1213 1481 1387 1551 familiaris

179 1582 353 1667 statimque
375 1582 416 1647 ad
437 1603 497 1648 nos
519 1583 738 1668 evolaturum,
766 1583 822 1669 qui
849 1582 916 1648 iarn
936 1581 999 1647 tibi
1021 1583 1190 1668 compedes
1210 1587 1385 1673 nectimus,
1447 1578 1454 1611 ¹

147 1684 257 1768 tquas
272 1674 499 1770 ,perfringere
513 1686 604 1762 nullo
630 1684 725 1751 modo
751 1685 867 1770 possis.
905 1685 1005 1751 tertia
1032 1678 1386 1770 epistulacontinebat
1448 1698 1453 1709 '

178 1806 248 1851 esse
275 1784 337 1851 tibi
364 1780 524 1873 redditam
553 1788 732 1853 orationem
754 1807 813 1871 pro
835 1785 998 1871 †Clario,
1028 1806 1161 1873 eamque
1182 1787 1289 1856 visam
1310 1791 1384 1857 ube
1449 1800 1452 1807 '

176 1888 311 1973 riorem,
333 1904 428 1974 quam
445 1889 572 1966 dicente
586 1911 655 1974 me,
672 1889 823 1955 audiente
839 1892 890 1974 te,
913 1888 1021 1954 fuerit
1049 1893 1100 1955 est
1113 1889 1261 1959 uberior:
1279 1892 1416 1959 multare
1447 1912 1450 1917 ·

178 1989 265 2056 enim
285 1983 402 2076 postea
426 1991 560 2058 inserui.
605 1991 706 2058 adicis
734 1991 815 2058 alies
841 1994 875 2057 te
902 1991 1033 2077 ,litteras
1050 1991 1216 2058 >curiosius
1238 1981 1383 2081 ⁸scriptas
1445 1986 1451 2061 Ϊ

176 2092 317 2159 misisse:
345 2115 388 2158 an
417 2095 597 2180 acceperim
625 2082 769 2180 quaeris:
801 2117 869 2159 non
896 2093 1008 2180 accepi
1035 2097 1069 2159 et
1095 2094 1243 2180 occipere
1264 2098 1381 2183 gestio.
1444 2094 1449 2181 i

176 2195 311 2279 proinde
332 2197 438 2282 primu
459 2219 585 2282 queque
606 2196 776 2262 occasione
798 2196 907 2280 mitte,
935 2196 1091 2281 appositis
1112 2196 1242 2283 quidem
1263 2200 1381 2285 usuris,
1443 2206 1448 2267 ἐ

176 2303 255 2384 quas
283 2320 345 2385 ego
368 2299 461 2386 (num
489 2300 621 2386 parcius
642 2298 811 2386 possumt)
840 2299 1033 2364 centesimas
1061 2298 1266 2385 computabo.
1298 2302 1381 2369 vale.

677 2468 862 2554 'XXVIIII
1369 2446 1373 2453 ἦ
1391 2507 1414 2547 2,
1442 2548 1447 2555 ⁶

516 2592 549 2644 c.
571 2593 721 2646 eminus
739 2591 898 2645 uusrrco
916 2590 987 2644 suo
1007 2591 1035 2647 s

146 2713 162 2776 1
260 2707 307 2776 Ut
321 2711 422 2776 satius
437 2732 538 2775 unum
553 2710 673 2796 aliquid
695 2708 871 2795 insigniter
891 2708 1015 2791 facere,
1039 2710 1295 2795 quamplurima
1316 2735 1377 2779 me
1437 2674 1440 2683 ⁴

173 2811 340 2897 diocriter,
369 2813 416 2877 ita
437 2811 578 2898 plurimu
599 2812 818 2897 mediocriter,
849 2812 878 2876 si
904 2831 972 2876 non
997 2812 1102 2912 possis
1127 2833 1230 2878 unum
1256 2814 1377 2906 aliquid

244 3092 308 3140 lut
325 3089 362 3141 ed
381 3091 526 3142 Calaureae
543 3104 560 3141 a
578 3089 615 3140 ad
633 3103 670 3153 pr
687 3091 761 3140 acl)
830 3087 1026 3155 plocianemlt
1077 3088 1213 3141 iliteree
1230 3093 1299 3143 tuae
1317 3108 1375 3158 per·

175 3158 315 3223 ferentur,
333 3160 509 3224 perferentur
521 3159 658 3210 alitteree
677 3165 742 3208 tuae
761 3157 938 3223 perferantur
956 3159 1135 3223 proferantur
1151 3171 1166 3208 r
1182 3158 1299 3211 litterae
1311 3167 1374 3211 tuae

172 3227 350 3290 perferantur
369 3240 386 3282 ς
403 3229 580 3293 perferantur
597 3228 619 3275 1>
638 3227 814 3292 proferantur
831 3239 848 3288 p
917 3225 1055 3291 Popilium
1073 3239 1091 3274 a
1108 3226 1246 3292 pupillum
1264 3230 1327 3291 Dpr

173 3294 399 3346 earthemisium
417 3299 461 3350 Βς
480 3297 723 3346 Atheniensiumr
807 3295 870 3344 din
888 3294 1105 3344 diuersissimam
1123 3301 1231 3359 portem
1248 3297 1293 3359 Dp
1359 3298 1374 3346 e

133 3410 137 3418 ,
173 3376 223 3412 uos
241 3363 294 3413 tibi
312 3378 329 3411 ι
346 3368 439 3414 noster
456 3367 478 3413 Β
496 3381 547 3415 nos
565 3378 600 3427 pr
669 3364 727 3412 ‘lsi
746 3378 788 3413 mo
807 3388 839 3398 -
857 3361 995 3412 voluisses
1012 3377 1029 3410 a
1047 3363 1071 3412 si
1089 3379 1133 3412 me
1150 3361 1203 3414 illa
1219 3363 1285 3430 ipsa
1304 3380 1372 3430 quae

173 3431 271 3480 scribis
290 3438 339 3481 aut
354 3433 431 3482 dicta
450 3433 543 3498 legere
565 3432 706 3497 potuisses
729 3431 864 3496 (potuisse
881 3431 910 3494 p)
933 3431 995 3492 Dpr
1017 3430 1041 3480 si
1065 3431 1223 3482 mehercule
1240 3431 1295 3482 ille
1313 3437 1372 3498 ipsa

174 3513 245 3563 quae
263 3501 362 3551 scribis
381 3508 429 3550 aut
449 3502 540 3551 dictas
558 3500 650 3567 legere
670 3503 822 3564 potuissem
840 3513 857 3553 ς
926 3500 942 3548 8
960 3499 1008 3549 sed
1027 3505 1088 3549 erat
1104 3501 1149 3562 Dp
1200 3502 1217 3551 9
1234 3499 1293 3569 me]
1312 3517 1373 3553 mee

172 3581 188 3615 r
257 3568 291 3618 ad
309 3567 405 3636 alium]
426 3569 541 3620 aliudfl
628 3571 708 3618 10in
730 3570 811 3616 tinem
828 3580 846 3614 a
931 3582 993 3617 cum
1015 3570 1118 3618 certius
1135 3583 1230 3619 ecum
1249 3571 1322 3620 certi
1337 3582 1372 3623 ῐς

173 3651 222 3687 cur
240 3639 310 3688 certi
327 3639 392 3702 llp·
475 3641 507 3688 12
525 3637 697 3689 euoletururu
714 3650 753 3699 pe
776 3635 968 3686 aduolaturum
985 3637 1048 3691 Βις
1089 3639 1150 3688 ’13
1167 3637 1373 3705 perfringeret

174 3705 320 3771 effringere
337 3721 373 3769 pr
391 3707 523 3772 effingere
541 3709 562 3756 Β
615 3707 648 3755 14
665 3721 714 3770 pro
734 3704 827 3754 clario
845 3718 862 3752 e
880 3719 929 3768 pro
949 3703 1084 3759 Olenios
1106 3706 1248 3771 proclamo
1265 3707 1308 3756 Βι·
1323 3722 1371 3772 pro

86 3823 90 3829 ,
173 3773 263 3823 Demo
280 3789 297 3838 p
314 3791 363 3840 pro
383 3776 413 3826 C.
434 3777 525 3826 Lanio
544 3776 685 3824 sichardus
701 3777 728 3822 in
744 3776 859 3836 morulae
928 3787 1044 3838 eamque
1062 3775 1154 3824 uisam
1171 3775 1246 3837 (uisa
1263 3776 1289 3839 r)
1306 3776 1371 3824 ube·

172 3842 271 3892 riorcm
288 3857 346 3897 τςι
365 3845 426 3908 quis
445 3860 506 3894 eam
525 3845 681 3894 uberiorem
699 3843 742 3903 Dp
847 3841 879 3890 15
897 3855 981 3904 qnam
999 3841 1110 3892 dicente
1129 3859 1172 3893 me
1191 3843 1326 3894 audiente
1344 3850 1370 3891 te
1452 3834 1453 3853 ¹

172 3923 212 3964 ςι
229 3925 312 3975 quam
331 3911 393 3960 dum
413 3919 440 3962 te
459 3927 501 3961 me
521 3912 652 3961 audiente
672 3915 728 3960 ter
745 3925 828 3974 quam
846 3911 984 3958 dicentem
1003 3910 1133 3960 audiente
1151 3916 1180 3961 te
1196 3924 1214 3973 p
1232 3926 1317 3976 qnam
1333 3909 1371 3959 di·
1434 3926 1453 3951 ¹1

173 3985 281 4029 centem
300 3980 458 4030 audientem
477 3986 505 4029 te
523 3981 545 4028 Β
663 3979 752 4028 multa
768 3979 840 4026 enim
860 3976 960 4041 (multa
978 3978 1078 4028 etenim
1096 3980 1124 4042 ς)
1143 3988 1243 4045 postea
1260 3977 1369 4036 ineemri,

172 4047 273 4098 adticis
292 4061 330 4103 se
347 4049 435 4098 multa
452 4054 494 4098 est
513 4054 585 4098 enim
606 4053 704 4112 postca
722 4048 845 4097 inseruia
863 4047 967 4096 dicisl)
985 4046 1071 4097 multa
1090 4056 1119 4097 et
1136 4054 1236 4113 postea
1253 4049 1325 4096 euim
1343 4046 1369 4094 iu

171 4118 267 4166 serula
286 4118 386 4167 ailiieis
404 4132 418 4166 r
436 4117 522 4166 mrilta
541 4124 585 4166 est
603 4122 701 4180 postea
720 4118 792 4165 enim
812 4117 840 4164 in
859 4115 944 4164 tertia
961 4116 1033 4166 dicis
1049 4132 1066 4180 p
1145 4118 1176 4166 16
1194 4114 1267 4165 elias
1286 4110 1326 4181 te]
1346 4120 1369 4161 te

172 4183 328 4236 aliattes
400 4189 429 4236 17
449 4202 502 4236 non
522 4187 621 4250 accepi
639 4191 773 4235 ctenon
792 4184 889 4247 accepi
908 4198 955 4233 eas
974 4198 1010 4246 pr
1032 4201 1086 4235 non
1105 4185 1270 4249 accipiesn
1340 4185 1368 4231 le

171 4267 234 4302 num
253 4257 367 4319 parcius
385 4270 495 4320 possum
512 4269 531 4303 e.
547 4270 602 4304 non
620 4255 733 4320 parcius
751 4267 861 4316 possum
880 4265 896 4306 ς
914 4267 987 4301 nunc
1005 4255 1119 4318 parcius
1136 4253 1238 4318 poesim
1255 4253 1300 4315 Dp
1317 4266 1369 4301 non

171 4324 283 4384 parcius
301 4327 403 4388 possim
421 4338 436 4371 r
493 4323 659 4374 centesimas
679 4321 844 4385 computabo
864 4321 1009 4372 Cotonueus
1030 4321 1185 4373 centesima
1203 4320 1369 4386 computabo

171 4402 188 4435 ι
206 4395 385 4443 centesimam
405 4393 571 4458 computabo
589 4406 603 4440 r
622 4393 802 4442 centesimam
821 4389 925 4454 putabo
942 4392 985 4453 llp

240 4458 371 4510 XXVllll
391 4464 424 4511 ‘22
442 4469 473 4510 ut
490 4463 579 4510 satius
598 4467 641 4511 est
658 4473 716 4516 τςι
776 4459 924 4522 insigniter
943 4461 1038 4509 facere
1057 4473 1137 4522 quern
1157 4455 1277 4522 plurima
1295 4472 1314 4507 ι
1330 4458 1368 4507 iu·

165 4524 288 4590 signiter
305 4542 386 4592 qirnm
407 4530 528 4580 facerem
547 4530 652 4591 (facere
671 4532 699 4592 ς)
719 4528 800 4593 plura
816 4540 852 4588 pr
869 4527 1017 4592 insigniter
1034 4526 1130 4576 facere
1147 4539 1230 4590 quam
1249 4527 1368 4578 facerem

66 4578 70 4627 l
153 4592 239 4657 plura
258 4595 283 4644 Β
354 4604 387 4651 ⁶23
408 4601 449 4649 ita
467 4598 591 4667 plurima
607 4599 782 4651 mediocriter
801 4611 850 4646 om.
864 4595 909 4657 ltp
