2934 4966
125 256 261 305 xxxvii!
623 252 832 302 PRAEFATIO.

123 435 192 477 ram
215 431 421 496 apponerem.
459 412 627 493 praeterea
656 406 761 493 siquid
790 429 829 472 er
856 406 896 471 iis
924 428 1006 491 quae
1032 406 1074 472 ab
1095 405 1180 472 Aldo
1201 409 1329 502 mutata

123 517 200 580 sunt
222 537 242 578 a
264 508 420 576 Beroaldo
443 510 495 575 vel
518 509 680 576 Catenaeo
702 509 879 593 inventum,
900 518 986 593 erat,
1014 512 1052 575 nt
1073 508 1328 596 intellegeretur,

123 616 199 702 quid
225 613 280 680 ille
302 635 326 680 a,
343 611 505 697 prioribus
534 611 709 678 editoribus
736 610 930 696 accepisset,
959 610 1036 698 quid
1064 613 1133 699 ipse
1161 616 1327 696 navasset,

123 717 237 783 borum
259 736 384 801 quoque
406 717 539 780 nomine
560 715 723 799 adscripta
745 717 831 780 sunt.
869 717 1012 780 ceterum
1034 713 1169 780 ethaeo
1192 720 1225 781 et
1246 736 1329 799 quae
1362 776 1368 785 .

123 822 289 905 praeterea
310 840 328 900 e
350 818 511 883 veteribus
534 813 905 884 editionibus‘adnorata
933 823 1011 884 sunt
1032 817 1235 883 coniecturae
1256 816 1340 882 1000Ι

124 922 272 988 babenda
295 943 364 987 esse
387 925 530 1006 apparet.
607 927 613 938 '
1081 920 1086 928 '

212 1075 366 1142 Ordinem
388 1075 599 1160 epistularum
629 1076 758 1142 restitui
779 1098 851 1141 eum
873 1076 928 1162 qui
950 1076 985 1141 in
1008 1067 1243 1161 antiquissimis
1266 1049 1332 1140 edi·

14 1212 17 1218 ·
121 1180 264 1246 tionibus
285 1178 358 1243 fuit.
382 1200 458 1242 narn
480 1177 567 1244 hunc
589 1183 622 1244 et
644 1179 679 1244 in
702 1178 811 1246 codice
833 1177 1070 1263 manuscripto
1091 1177 1192 1244 fuisse
1214 1177 1332 1263 proba·

123 1283 187 1348 bile
221 1284 288 1366 est,
319 1288 353 1346 et
385 1283 567 1365 temporum
589 1281 768 1347 rationibus
801 1281 929 1348 defendi
959 1301 1064 1366 nuper
1096 1279 1334 1348 demonstravit

123 1384 343 1449 blomrusenus
365 1380 479 1449 Herm.
502 1405 531 1446 v.
554 1381 605 1448 ΠΙ
627 1384 670 1469 (1.
696 1383 793 1471 1869)
816 1405 849 1469 p.
863 1383 917 1450 53.
940 1403 1042 1468 pravo
1064 1386 1172 1449 autem
1193 1383 1330 1450 invento

123 1487 262 1573 primus,
286 1485 370 1570 qnod
392 1485 510 1569 seiam,
534 1485 696 1552 Henricus
718 1485 903 1573 Stephanus
925 1509 953 1552 a.
972 1485 1053 1552 1581
1078 1488 1220 1578 veterem
1242 1487 1328 1553 ordi·

123 1611 198 1654 nem
219 1589 267 1654 111
288 1587 441 1671 mutarit,
464 1591 501 1652 ut
523 1609 577 1654 eas
599 1589 773 1675 epistulas,
796 1591 911 1676 quibus
926 1590 1110 1674 rescriptae
1126 1589 1166 1653 ab
1189 1588 1329 1674 impera·

123 1696 194 1757 tore
216 1689 374 1777 epistulae
396 1689 528 1755 additae
547 1694 633 1776 sunt,
657 1715 676 1755 a
698 1692 822 1777 reliqua
837 1695 931 1778 parte
952 1695 1142 1778 segregaret
1164 1695 1198 1759 et
1220 1691 1333 1759 addita

123 1815 207 1860 nova
241 1793 454 1878 inscriptione
484 1793 695 1879 epistularum
722 1794 821 1859 Plinii
854 1798 887 1860 et
913 1793 1045 1860 Traiani
1078 1797 1265 1860 mutuarum
1292 1796 1328 1861 in

124 1898 222 1961 finem
243 1896 388 1961 reiceret.
427 1896 513 1981 quod
535 1896 716 1981 exemplum
745 1897 861 1962 deinde
889 1895 1020 1982 plurimi
1051 1896 1188 1962 editores
1211 1898 1331 1963 imitati

125 2004 216 2084 sunt3
239 2019 306 2063 non
328 1999 409 2064 nulli
432 1999 530 2063 etiam
551 2000 587 2064 in
608 2003 744 2084 utraque
760 2003 851 2084 parte
873 2021 977 2085 pauca
991 2002 1209 2066 mutaverunt.
1240 2022 1332 2085 prae·

125 2106 213 2167 terea
240 2103 275 2166 in
298 2122 335 2165 ea
363 2123 398 2165 re
427 2104 568 2166 veterem
589 2101 749 2167 rationem
771 2102 935 2186 revocavi,
965 2102 1059 2187 quod,
1091 2102 1264 2190 cuminde
1287 2104 1330 2168 ab

124 2205 200 2270 Aldi
223 2204 363 2270 editione
385 2203 446 2269 bae
468 2203 625 2288 epistulae
648 2205 772 2270 decimo
802 2205 885 2270 libro
908 2204 1159 2290 comprehensae
1187 2227 1261 2271 curn
1282 2227 1333 2271 re·

125 2308 221 2393 liquis
252 2328 369 2385 novem
397 2305 488 2371 libris
517 2308 707 2372 coniunctae
741 2312 850 2373 essent
861 2358 871 2391 ,
906 2311 1076 2393 utramque
1105 2307 1332 2374 collectionem

125 2431 231 2495 perse
253 2409 356 2495 posui.
381 2431 457 2474 nam
480 2409 557 2474 olim
579 2431 652 2475 cum
674 2431 790 2475 novem
805 2410 897 2484 libris
918 2431 986 2476 non
1002 2411 1210 2476 coniunctum
1231 2410 1333 2478 fuisse
1361 2409 1365 2415 ’

125 2511 212 2578 hunc
235 2511 422 2577 testimonio
452 2514 579 2577 constat
608 2510 731 2578 Sidonii
755 2512 952 2598 Apollinaris
980 2513 1076 2598 epist.
1099 2511 1151 2625 IX,
1172 2516 1200 2578 1.
1224 2534 1330 2598 neque

127 2615 160 2679 id
191 2614 309 2680 codicis
338 2615 551 2699 auctoritate,
592 2616 646 2680 sed
677 2635 734 2679 suo
767 2616 897 2680 invento
923 2614 1043 2680 Aldum
1076 2615 1123 2679 ita
1154 2615 1334 2682 instituisse

131 2717 235 2782 credo.

210 2871 260 2937 Ex
289 2871 490 2937 orationibus
517 2871 617 2937 Plinii
644 2894 710 2936 nna
738 2876 877 2938 aetatem
905 2871 995 2957 tulit,
1024 2895 1121 2958 quam
1149 2895 1235 2939 anno
1260 2874 1332 2957 100,

127 2997 200 3040 cum
223 2974 425 3040 consulatum
452 2976 566 3060 iniret,
596 2976 632 3039 in
659 2977 775 3040 senatu
781 3025 790 3059 ,
819 2979 858 3040 ut
883 2975 1026 3060 principi
1055 2976 1180 3062 gratias
1208 2980 1332 3062 ageret,

127 3077 255 3162 habuit,
284 3081 395 3162 postea
424 3100 443 3142 a
471 3101 505 3142 se
527 3080 749 3162 retractatam,
777 3081 813 3142 ut
835 3077 949 3142 scribit
971 3078 1063 3163 epist.
1087 3075 1137 3142 111
1162 3079 1201 3144 13
1225 3082 1258 3143 et
1282 3080 1333 3163 18,

127 3178 246 3244 edidit:
275 3201 313 3244 ea
335 3182 422 3244 enim
444 3180 521 3245 olim
544 3201 617 3244 cum
640 3179 712 3244 aliis
740 3179 940 3245 orationibus
969 3178 1111 3244 eiusdem
1134 3179 1263 3264 quidem
1285 3203 1334 3246 ar-

128 3282 290 3366 gumenti,
320 3282 376 3345 sed
405 3283 506 3347 multo
534 3281 699 3347 inferioris
728 3282 844 3346 aetatis
873 3282 1035 3346 communi
1063 3284 1334 3367 panegyricorum

128 3384 261 3448 nomine
284 3383 515 3469 comprehensa
537 3389 570 3449 ct
592 3386 627 3448 in
649 3385 810 3469 principio
834 3384 901 3449 eius
918 3383 1117 3448 collectionis
1139 3386 1246 3470 posita
1267 3408 1334 3450 una

130 3507 202 3550 cum
223 3485 288 3551 illis
309 3491 491 3573 propagata
514 3491 574 3551 est.
612 3488 684 3572 quis
707 3490 814 3550 autem
836 3487 958 3571 primus
982 3485 1143 3551 orationes
1167 3486 1342 3574 collegerit>

128 3587 178 3651 vel
201 3609 263 3671 quo
285 3591 428 3672 tempore
451 3589 484 3654 id
506 3591 629 3655 factum
652 3589 705 3673 sit,
729 3609 796 3653 non
813 3591 949 3653 constat.
981 3610 1057 3653 nam
1079 3590 1184 3654 omnis
1206 3590 1334 3655 illorum

129 3691 398 3775 panegyricorum
419 3693 473 3777 qui
497 3692 648 3757 dicuntur
669 3692 824 3756 memoria
846 3713 911 3757 uno
928 3691 1036 3756 codice
1060 3693 1256 3778 continetur,
1279 3695 1335 3779 qui

129 3791 215 3856 eirca
238 3813 358 3858 annum
382 3793 781 3879 1432Mag1mtiaefuit,
810 3794 923 3878 paucis
951 3795 1046 3858 annis
1068 3797 1160 3879 post,
1190 3795 1335 3861 1111110-

130 3898 200 3979 tur,
225 3894 339 3960 studiis
362 3895 517 3962 Italorum
540 3897 724 3982 divulgatus
748 3899 806 3961 est.
844 3896 932 3962 hunc
947 3901 1032 3981 tum,
1058 3919 1130 3962 cum
1145 3897 1334 3983 blaguntiae

129 4000 209 4078 erat,
233 3997 313 4063 vidit
324 3997 464 4064 Ioannes
477 4000 634 4085 Aurispa,
657 3999 711 4085 qui
723 4000 758 4065 in
770 3999 909 4084 epistula
925 3999 965 4063 ad
977 3999 1166 4064 lacobinum
1182 4000 1334 4066 Thomasi

130 4097 328 4166 Thebalduci
339 4101 563 4168 Florentinum
575 4101 723 4167 Basileae
746 4123 783 4166 eo
806 4122 892 4166 anno
915 4123 1010 4187 quem
1031 4101 1114 4186 dixi,
1138 4106 1175 4168 nt
1197 4103 1333 4187 videtur,

130 4199 206 4266 (lata
221 4202 260 4269 de
275 4204 392 4270 itinere
415 4227 473 4290 per
485 4205 692 4270 Germaniam
708 4205 796 4270 facto
812 4204 955 4270 scribens
971 4205 1163 4291 blaguntiac
1178 4205 1250 4270 illos
1266 4228 1337 4271 ora·

132 4304 235 4369 tiones
251 4327 285 4371 se
307 4306 425 4394 legisse
447 4312 560 4373 narrat
582 4309 632 4372 bis
648 4308 765 4392 verbis,
787 4330 862 4389 pero
882 4313 939 4372 111
960 4316 990 4374 10
1012 4314 1052 4374 bo
1074 4320 1194 4375 trovato
1216 4315 1247 4374 in
1271 4332 1336 4376 011

130 4411 312 4474 bibliotheca
334 4432 354 4473 a
375 4432 533 4492 mrrprrnza
555 4435 597 4476 rm
619 4417 724 4478 codice
747 4418 777 4476 11
801 4418 925 4492 qurrulc
946 4418 975 4475 11
994 4434 1011 4474 c
1032 4435 1075 4476 rur
1092 4420 1281 4496 prrnepprico
1303 4419 1338 4478 dr'

127 4516 226 4590 plinio
248 4534 267 4575 u
289 4520 413 4581 traiano
434 4523 509 4582 datu
524 4523 613 4596 quale
635 4537 694 4581 non
715 4523 790 4581 Iesse
811 4521 875 4579 mci
891 4522 948 4596 piu
970 4537 1063 4580 struve
1082 4536 1165 4580 cosa.
1189 4527 1219 4580 et
1241 4523 1335 4582 1100-
