2934 4966
472 286 719 357 uersruusuun
742 289 766 336 1.
797 284 822 334 s.
846 281 881 348 (a
896 281 940 348 ss)
1257 355 1259 359 ,
1288 275 1308 340 '1

99 444 207 512 tentia
227 443 324 511 Metti
346 442 503 529 Modesti,
526 443 643 529 optimi
666 442 744 508 viri:
765 443 795 507 is
817 445 897 508 tuno
918 442 953 507 in
975 443 1071 509 exilio
1093 447 1179 528 erat,
1203 467 1223 510 a
1245 444 1310 511 Do·
1335 440 1343 488 ἶ

29 554 32 559 ’
57 544 63 551 ’
100 548 239 615 mitiano
252 547 429 634 relegatus.
466 556 541 612 ecce
562 546 624 612 tibi
639 544 785 631 Regulus
808 553 963 631 ‘quaero’
986 547 1113 633 iuquit,
1130 548 1308 634 “Secunde,

100 650 178 741 quid
201 650 241 717 dc
263 643 584 729 Modesto'sentias’.
625 649 715 714 vides
743 647 828 734 quod
855 649 1049 735 periculum,
1077 651 1106 716 si
1127 651 1310 738 respondis-

20 802 27 812 .
76 776 170 825 ⁴sem
191 754 310 839 ‘bene’,
334 752 420 840 quod
441 742 622 838 flagitium,
645 751 674 817 si
696 751 817 817 ‘malea
859 774 927 818 non
942 775 1073 837 possum
1094 754 1201 821 dicere
1223 755 1310 822 aliud

11 877 19 889 ·
70 860 182 927 stunc
202 855 396 942 mihiquem
418 855 494 921 deos
509 854 663 942 adfuisse.
708 855 934 940 ‘respondebo’
956 857 1106 943 inquam,
1130 859 1172 924 ‘si
1194 859 1233 924 de
1248 857 1311 926 hoc

100 958 295 1026 centumviri
309 959 482 1025 iudicaturi
497 961 597 1024 suut'.
642 978 755 1023 rursus
776 957 832 1024 ille
855 964 987 1044 ‘quaero
1008 961 1085 1046 quid
1107 962 1147 1028 de
1161 960 1311 1029 Modesto

98 1063 248 1138 sentias’.
273 1060 402 1151 iterum
424 1083 486 1149 ego
510 1060 673 1128 ‘solebant
693 1064 795 1126 testes
817 1062 963 1149 inreos,
993 1085 1060 1129 non
1082 1064 1118 1130 in
1140 1063 1340 1131 damnatosd

98 1165 323 1252 interrogarit
343 1173 344 1177 ’
362 1165 467 1231 tertio·
481 1163 539 1230 ille
561 1172 647 1230 ‘non
668 1162 733 1228 iam
755 1163 832 1254 quid
854 1164 894 1230 de
908 1163 1072 1251 Modesto,
1094 1167 1151 1232 sed
1172 1166 1249 1253 quid
1271 1168 1311 1234 de

11 1350 16 1357 ¹
98 1269 224 1354 pietate
238 1267 373 1333 Modesti
394 1267 517 1333 sentias
539 1261 693 1352 quaero?⁸
712 1267 876 1352 ‘quaeris'
897 1267 1030 1353 inquam
1046 1269 1140 1355 ‘quid
1155 1270 1341 1338 sentiamr‘l-
1387 1352 1396 1364 „

56 1404 85 1443 lo
98 1375 147 1437 at·
164 1369 226 1458 'egd
253 1392 296 1439 ne
322 1372 528 1457 interrogare
556 1369 685 1455 quidem
711 1369 764 1435 fas
790 1373 887 1456 puto,
916 1370 955 1436 de
977 1388 1041 1457 quo
1062 1373 1312 1458 pronuntiatum

98 1478 178 1541 est'.
210 1475 383 1541 conticuit:
404 1473 591 1540 meismet
605 1473 784 1560 gratulatio
799 1477 910 1539 secuta
932 1477 992 1559 est,
1015 1475 1101 1560 quod
1115 1498 1177 1542 nec
1190 1476 1312 1542 famam

99 1600 206 1645 meam
228 1577 336 1663 aliquo
357 1598 523 1665 responso,
546 1576 621 1642 utili
641 1576 790 1660 fortasse,
812 1576 986 1643 inhonesto
1007 1581 1131 1663 tamen,
1154 1579 1312 1646 laeseram

97 1702 163 1747 nec
182 1701 235 1746 me
256 1679 382 1766 laqueis
403 1679 669 1746 taminsidiosae
689 1680 958 1765 interrogationis
979 1681 1190 1748 involverem.
1223 1685 1342 1750 nuncii
1382 1747 1385 1754 .

98 1805 179 1870 ergo
201 1783 400 1850 conscientia
421 1783 595 1850 exterritus
617 1782 832 1870 adprehendit
854 1782 1030 1850 Caecilium
1052 1782 1213 1869 Celerem,
1237 1807 1312 1852 mox

55 1887 239 1977 rsFabium
260 1886 404 1967 Iustum,
431 1889 528 1974 rogat
554 1889 592 1951 ut
613 1908 665 1951 me
687 1886 749 1952 sibi
775 1886 998 1954 reconcilient.
1042 1911 1104 1954 nec
1127 1891 1310 1975 contentus,

97 1990 248 2077 pervenit
269 1988 311 2055 ad
326 1987 551 2075 Spurinnumt.
561 1988 640 2064 huic
662 1989 860 2076 suppliciter,
882 1994 921 2056 ut
943 2005 993 2057 est
1007 2012 1081 2057 oum
1096 1991 1191 2058 timet
1206 1992 1312 2059 abiec-

96 2091 259 2178 tissimus,
293 2099 390 2178 ‘rogo
424 2114 520 2158 mane
553 2092 662 2158 videas
696 2090 841 2159 Plinium
871 2093 972 2178 domi,
1000 2094 1057 2160 sed
1083 2095 1181 2180 plane
1215 2118 1312 2162 mane

98 2196 220 2282 (neque
234 2195 322 2273 enim
338 2194 458 2261 diutius
473 2195 558 2261 ferre
574 2195 824 2262 sollicitudinem
845 2198 1006 2285 possum),
1027 2201 1060 2263 et
1074 2219 1201 2284 quoquo
1216 2197 1312 2264 modo

99 2298 226 2365 efficies
247 2321 291 2364 ne
312 2297 394 2364 mihi
420 2299 610 2364 irascatur’.
655 2299 901 2384 evigilaveram:
928 2300 1066 2366 nuntius
1089 2323 1108 2365 a
1130 2299 1343 2386 Spurinnaztl

52 2402 214 2475 ss‘veuio
236 2401 277 2467 ad
298 2404 361 2468 te'.
407 2402 524 2468 ‘immo
545 2423 608 2489 ego
630 2402 672 2467 ad
693 2405 757 2468 te’.
803 2402 925 2469 coimus
947 2405 982 2468 in
1004 2404 1166 2490 porticum
1188 2403 1311 2489 Liviae,

98 2526 174 2572 cum
189 2505 274 2571 alter
288 2504 329 2570 ad
344 2505 482 2571 alterum
498 2504 716 2570 tenderemus.
747 2505 882 2592 exponit
896 2504 1016 2592 Reguli
1030 2508 1197 2591 mandata,
1221 2507 1312 2574 addit

95 2629 212 2695 preces
233 2629 320 2692 suas,
343 2611 382 2672 ut
403 2607 539 2674 decebat
560 2608 717 2693 optimum
739 2608 844 2673 virum
863 2630 926 2694 pro
947 2608 1178 2694 dissimillimo,
1201 2631 1309 2695 parce.
1346 2613 1348 2617 ’

96 2710 153 2778 cui
180 2731 242 2798 ego
271 2710 442 2797 ‘dispicies
468 2711 556 2796 ipse,
589 2711 666 2796 quid
693 2712 947 2780 renuntiandum
974 2709 1101 2798 Regulo
1130 2715 1242 2798 putes:
1277 2714 1364 2781 telo

93 2963 306 2982 ...μ-...-

170 3145 184 3194 1
204 3144 282 3193 metti
299 3145 343 3192 rs
361 3143 428 3195 meti
446 3144 473 3193 x
492 3143 576 3195 mesti
593 3143 616 3192 n
635 3143 707 3194 necti
724 3157 741 3207 p
759 3141 841 3195 Metii
857 3156 893 3199 τς
974 3141 1107 3212 Modesti]
1128 3143 1271 3196 domestici
1289 3129 1322 3193 o'

170 3242 247 3312 tuuc]
268 3248 357 3296 tumr
444 3252 507 3297 erst
526 3262 543 3295 a
567 3243 721 3297 domitiano
740 3245 882 3311 relegatus
903 3231 1054 3312 (religatus
1071 3244 1107 3309 V)
1130 3248 1231 3301 Ὴςι
1249 3251 1312 3298 erat

94 3313 112 3338 '⁴
124 3313 269 3380 relegatus
288 3310 331 3363 “s
348 3313 537 3365 domicianol'
556 3319 618 3365 erat
630 3315 776 3380 relegatus
795 3330 812 3364 a
831 3314 984 3367 domitiano
1002 3330 1038 3380 pr
1056 3331 1073 3365 a
1085 3316 1237 3367 domitiano
1250 3319 1312 3366 erst

10 3402 14 3407 ·
95 3382 300 3449 relegatusn
370 3383 501 3449 2inquid
518 3383 573 3432 HF
661 3383 819 3447 secundop
906 3382 1198 3451 5tuuo]tum1‘pr⁸
1267 3399 1311 3435 rs-

95 3450 241 3519 spondebo
260 3450 425 3517 (respondeo
442 3452 466 3515 ι)
489 3453 602 3517 iuquam
621 3451 645 3501 si
662 3452 765 3502 livor
787 3451 963 3517 respondebo
986 3451 1199 3519 (respondebam
1216 3454 1245 3516 p)
1268 3451 1311 3502 in-

95 3535 184 3585 qusm
203 3518 268 3584 qnid
287 3521 405 3570 sentiam
424 3520 448 3570 si
467 3521 556 3585 spes
624 3521 641 3569 6
660 3519 837 3584 centumviri]
857 3519 887 3570 C.
906 3521 938 3571 V.
957 3522 1013 3570 IV
1083 3535 1177 3571 rursus
1195 3519 1244 3573 ille
1263 3537 1310 3571 om,

94 3591 122 3640 V
176 3587 370 3650 'isentiarnlt
443 3590 544 3639 iterum
562 3615 596 3624 -
620 3587 654 3639 de
672 3587 800 3640 Modesto
823 3595 849 3638 in
870 3604 950 3656 musy.
970 3591 1106 3654 adscripta
1123 3588 1199 3640 dotet
1216 3590 1243 3639 x

95 3657 212 3710 soleant
228 3657 249 3706 D
302 3660 318 3708 9
337 3657 494 3708 sententias
513 3673 582 3711 corr.
603 3657 711 3706 sentias
729 3659 756 3704 lii
821 3673 924 3721 quaero
943 3674 991 3710 one.
1008 3659 1132 3720 FDprs,
1151 3658 1311 3712 oddfflvs

170 3726 336 3775 sententiam
354 3742 423 3778 corr.
444 3726 564 3776 sentium
582 3727 610 3772 bi
666 3728 698 3774 1⁴)
717 3742 768 3784 eno
788 3727 959 3791 interrogare
980 3726 1089 3791 quidem
1108 3727 1152 3776 fas
1171 3741 1226 3776 non
1244 3731 1311 3792 puto

95 3812 112 3846 r
184 3795 294 3859 quidem
314 3795 458 3844 estfasn
542 3798 571 3844 11
592 3792 756 3858 gratulatio]
776 3794 950 3844 exultatioli
1034 3798 1064 3844 12
1083 3793 1199 3843 utilliv
1269 3795 1310 3842 in·

96 3862 258 3916 honestev
331 3867 363 3912 14
382 3864 567 3914 consentiaD
639 3863 757 3913 caelium
777 3863 897 3913 celerem
915 3864 969 3912 MV
1031 3867 1062 3914 15
1082 3862 1187 3913 fabium
1206 3863 1310 3913 iustum

96 3936 184 4001 rogat
199 3933 328 3986 utres
346 3936 430 3997 rogat
447 3932 549 3982 iustum
568 3931 675 3982 fabium
693 3945 709 3995 p
732 3928 838 3982 fabium
856 3931 988 3982 rusticum
1006 3936 1090 3999 rogat
1106 3946 1120 3980 r
1143 3931 1249 3982 fabium
1267 3945 1311 3981 ru·

95 4001 201 4053 sticum
219 4001 320 4050 iustum
338 4001 458 4066 rogati)
546 4000 578 4050 16
591 4000 670 4050 uenit
687 3997 743 4063 pr*
830 4000 997 4076 simpliciter
1014 4002 1037 4049 V
1061 3998 1203 4050 subtiliter
1219 3999 1242 4048 D

99 4098 192 4169 timet]
211 4102 263 4153 sim
281 4104 350 4152 arn
421 4104 459 4153 17·
471 4118 538 4168 rogo
557 4103 650 4169 iuquit
667 4102 773 4168 (inquid
792 4102 824 4168 F)
843 4118 926 4154 mane
944 4104 1007 4166 Fpr
1076 4081 1200 4168 plisnium
1217 4102 1241 4150 V

98 4173 135 4224 18
152 4187 205 4222 nec
225 4171 298 4222 onim
315 4172 358 4234 Ἑρ
428 4171 534 4221 diutius
552 4172 626 4222 ferre
645 4169 862 4221 sollicitudinem
880 4187 920 4235 pa
938 4171 1042 4222 diutius
1059 4173 1185 4237 perferre
1203 4169 1311 4221 sollici·

98 4240 226 4293 tudinem
244 4242 266 4289 F
283 4239 388 4289 diutius
407 4239 623 4290 sollicitudinem
642 4240 717 4290 ferre
729 4241 808 4295 Mis
830 4240 903 4292 ferre
917 4239 1021 4290 diutius
1034 4239 1252 4291 sollicitudiuem
1269 4240 1311 4289 Dr

172 4311 203 4361 19
222 4305 251 4375 a]
271 4309 392 4371 aitFpr
460 4311 494 4359 20
512 4310 595 4359 uenio
615 4307 650 4358 ad
668 4314 697 4358 te
717 4309 872 4375 Spuriuap
942 4310 972 4359 iu
990 4311 1128 4374 porticum
1141 4310 1212 4371 sup
1232 4308 1311 4359 Gata-

99 4378 262 4430 naeussin
280 4378 519 4443 porticulin-e:
538 4379 573 4441 es.
597 4377 623 4426 V
639 4379 697 4436 1,9
750 4381 782 4430 21
801 4377 932 4428 mandate
951 4377 1086 4428 cadditV
1173 4379 1206 4428 22
1224 4392 1310 4444 parce

97 4447 331 4513 ivliusparce
349 4447 560 4510 inquienstr
646 4447 680 4497 23
699 4444 755 4508 cuil
775 4443 857 4511 curp
943 4445 1084 4512 despicies
1102 4446 1156 4495 HV
1244 4444 1310 4511 quid

99 4515 318 4567 renuntiandum
341 4515 438 4579 regulo
462 4521 544 4580 putes
569 4515 661 4580 (putus
679 4515 711 4582 F)
730 4515 860 4569 Ursa
883 4515 949 4580 quid
971 4514 1069 4579 regulo
1093 4514 1309 4565 renuntiandum

100 4583 297 4649 (nuntiandum
314 4580 349 4648 u)
368 4591 449 4650 putes
466 4586 507 4635 Dr
525 4584 591 4651 quid
609 4583 715 4651 Regulo
734 4591 817 4653 putes
835 4583 1093 4648 reuuncluudump
