2934 4966
619 341 832 392 cassaneto.
1228 336 1328 387 XXXV

116 504 223 578 pienti
234 509 361 568 oonsilio
376 513 406 567 te
425 505 571 582 praeside
590 504 806 568 coitsultissimo
826 501 1103 578 specialissimaque
1120 496 1194 571 frui
1213 497 1328 560 licebit.

122 604 192 680 Epo
220 597 330 670 deinde
358 617 463 670 tantas
493 617 614 685 tamque
638 607 825 683 praeclaras
848 605 955 680 patris
989 618 1030 663 ac
1054 603 1115 674 filii
1142 601 1227 694 dotes
1251 617 1326 678 pcr-

121 710 253 784 spiciens
286 704 528 789 suspiciensque
544 689 669 787 utrique
698 724 745 769 me
778 708 994 782 mancipiolum
1028 705 1143 767 addico
1170 704 1328 780 indipnnm

122 812 263 887 quidem:
284 823 492 876 uerrrmtamen
515 813 808 890 obsequentissimum
829 810 1008 882 fidissimam
1035 815 1065 866 et
1087 808 1241 882 siupulari
1261 823 1328 868 mea

123 914 157 973 in
180 913 325 976 Bemlram
348 919 468 978 dororrmr
490 916 688 977 obscmrantio
719 931 779 975 non
803 912 1037 990 aspernabilius.
1084 911 1209 972 Danum
1232 918 1265 972 ut
1287 911 1331 972 ad

122 1018 286 1079 secundum
308 1022 450 1095 redeam:
484 1020 557 1081 Cion
572 1018 712 1080 uocabit:
749 1018 800 1077 rael
821 1024 854 1076 ut
873 1021 982 1077 uocet:
1004 1015 1105 1089 lepos:
1128 1014 1219 1074 uelim
1240 1014 1331 1075 liuius
1438 1044 1440 1047 ·

123 1118 287 1198 Epistolia.
336 1122 450 1183 Catrrlli
481 1123 607 1183 nerbrrm
640 1122 791 1182 manarit:
822 1137 884 1181 non
917 1126 950 1179 ul
983 1135 1049 1178 enm
1079 1117 1174 1177 obiter
1195 1117 1329 1176 molliam

122 1225 185 1282 iam
212 1227 460 1287 cantatissimum.
508 1225 610 1285 Vale.
645 1224 864 1285 Doctrinarum
891 1223 994 1283 decus.
1023 1217 1059 1280 in
1088 1215 1154 1280 fine
1178 1214 1330 1281 editionis

123 1319 148 1386 f.
175 1319 214 1386 19
242 1327 398 1404 Epistulae
423 1329 520 1389 Plinii
531 1323 681 1389 'Itonioris
714 1328 835 1386 mastiter
866 1332 1008 1402 repertae
1041 1323 1228 1400 Summaque
1254 1323 1331 1383 dili·
1429 1343 1430 1346 ¹

120 1431 226 1502 nentia
261 1429 412 1506 Iurpresse
438 1449 501 1508 per
533 1429 676 1490 Imnnem
707 1431 746 1489 dc
779 1428 907 1488 Pridino
935 1430 1017 1487 alios
1045 1425 1214 1488 Poeninum
1248 1443 1330 1487 anno
1357 1432 1358 1436 ’

121 1529 353 1594 Incarnationis
375 1535 498 1596 domiui.
524 1534 576 1594 Μ’.
591 1522 756 1594 0000011.
782 1533 832 1613 die
854 1548 927 1590 itero
951 1531 1108 1590 urrdecimo
1130 1534 1239 1590 mensis
1261 1529 1332 1590 Mai
1387 1615 1389 1619 ι

122 1641 152 1694 et
174 1652 241 1695 cum
258 1639 453 1712 priuileaio.¹
511 1638 512 1642 ’

207 1732 399 1820 Exemplum
437 1735 590 1800 editionis
625 1734 809 1800 rarissimae
847 1731 930 1818 quod
969 1735 1018 1797 est
1058 1732 1094 1796 in
1130 1730 1327 1797 bibliotheca
1377 1735 1381 1744 '

125 1834 314 1902 Monacensi
343 1836 476 1904 Carolus
506 1836 656 1902 Halmius
687 1839 842 1903 consueta
875 1839 909 1901 et
940 1835 1053 1901 multis
1083 1834 1221 1921 probata
1248 1833 1330 1900 libe·

122 1936 251 2004 ralitate
277 1939 358 2005 mihi
385 1939 543 2004 ritersdum
576 1940 747 2006 concessit.
793 1938 894 2005 Plinii
923 1937 1070 2024 epistulis
1099 1938 1226 2003 numeri
1254 1958 1326 2003 con·

123 2040 223 2125 tinui,
247 2042 362 2127 quibus
384 2043 462 2127 ordo
484 2043 696 2128 epistularum
712 2043 929 2130 significatur,
954 2062 1027 2107 cum
1049 2041 1200 2106 brevibus
1222 2061 1328 2106 rerum

123 2165 205 2228 quae
226 2147 411 2210 tractantur
433 2145 593 2211 indicibus
617 2145 786 2230 adscripti,
809 2143 942 2208 Traiani
966 2143 1123 2229 epistulae
1144 2143 1259 2228 spatiis
1281 2165 1330 2209 re·

122 2246 208 2311 lictis
236 2250 278 2311 et·
295 2248 470 2312 maioribus
503 2246 621 2314 litteris
649 2248 829 2313 initialibus
863 2248 903 2311 ab
939 2248 980 2311 iis
1009 2251 1168 2330 secretae,
1196 2247 1330 2313 nomina

123 2352 232 2434 autem
259 2347 358 2414 Plinii
388 2354 421 2415 et
448 2350 582 2417 Traiani
611 2351 647 2416 in
672 2350 941 2436 inscriptionibus
963 2349 1182 2435 'epistularum
1211 2349 1329 2432 omissa

122 2452 209 2517 sunt.
246 2452 352 2536 prima
378 2452 480 2538 igitur
502 2452 640 2539 epistula
661 2454 701 2518 41
736 2452 821 2518 hauc
857 2451 956 2518 habet
989 2453 1252 2538 inscriptionem,
1285 2458 1331 2518 Pe

121 2554 194 2620 locu
221 2559 483 2621 Nicomedensium
510 2559 650 2636 Epistola
672 2560 823 2639 XXVII,
852 2556 968 2622 ultima
993 2556 1052 2620 121
1083 2555 1185 2639 hanc,
1215 2561 1261 2621 Ile
1282 2561 1328 2619 di·

119 2661 304 2739 plomatibus
325 2662 480 2723 LXXIII.
506 2658 616 2724 sedin
642 2659 782 2745 epistula
804 2659 857 2743 58,
882 2681 954 2724 oum
977 2659 1152 2723 seeundum
1181 2656 1327 2734 ordinem

103 2758 306 2824 'institutum
328 2759 462 2825 inscribi
478 2759 641 2831 debuisset
662 2783 814 2827 uumerus
829 2760 987 2845 XXXVI,
1011 2761 1066 2826 ille
1088 2781 1240 2826 nummus
1256 2781 1329 2825 cum

121 2861 218 2926 solita
240 2863 423 2948 argumenti
445 2863 644 2929 indicatione
666 2885 772 2930 errore
793 2864 924 2929 editoris
945 2865 1081 2929 omissus
1104 2867 1138 2928 et
1164 2863 1329 2948 proximae

120 2963 302 3030 Domitiani
311 2965 469 3051 epistulae
477 2966 605 3032 additus
618 2971 676 3032 est.
693 2967 769 3032 inde
781 2967 921 3032 efficitur
935 2988 1088 3031 numerus
1104 2964 1326 3052 epistularum,

120 3088 203 3152 quae
215 3068 344 3152 quidem
358 3067 623 3154 inscriptionibus
641 3073 673 3134 et
690 3069 852 3136 continuis
863 3071 1005 3137 numeris
1018 3068 1223 3154 significatae
1238 3070 1328 3150 sunt,

119 3168 337 3256 quadraginta
359 3192 431 3256 sex,
454 3173 509 3257 qui
531 3172 566 3238 in
580 3174 686 3258 prima
700 3174 823 3258 pagina
844 3171 1005 3238 indicatus
1021 3175 1080 3238 est.
1106 3170 1329 3257 apographum

119 3275 231 3339 autem
263 3293 325 3358 quo
360 3273 463 3339 editor
494 3296 570 3338 usus
603 3278 667 3359 est,
700 3297 893 3361 quamquam
924 3274 1018 3339 initio
1040 3274 1224 3340 mutilatum
1247 3275 1327 3356 erat,

117 3378 234 3440 tamen
255 3397 295 3440 ex
316 3376 447 3462 integro
470 3377 578 3442 codiee
594 3376 789 3462 descriptum
812 3379 910 3443 fuisse
926 3378 1019 3442 docet
1034 3399 1187 3443 numerus
1202 3372 1329 3441 XXVII

13 3508 17 3513 ’
94 3501 99 3508 ·
117 3478 244 3563 primae
266 3477 424 3563 epistulae
437 3480 651 3564 adscriptus(
679 3502 768 3544 uam·
783 3481 941 3566 epistulae
963 3478 1084 3563 Plinii,
1114 3501 1201 3565 quae·
1216 3482 1330 3565 postea
1398 3517 1401 3521 .
1426 3516 1428 3519 -

117 3580 158 3644 in
179 3579 274 3645 initio
295 3579 370 3645 libri
394 3602 433 3645 ex
456 3581 568 3646 eodem
592 3581 699 3646 codice
723 3582 851 3647 additae
874 3585 968 3666 sunt,
997 3586 1127 3667 praeter
1155 3581 1329 3666 epistulam

117 3678 218 3748 XVII
227 3679 272 3767 B',
301 3704 384 3768 quae
407 3705 480 3750 cum
501 3705 540 3749 ea
561 3705 644 3769 quae
665 3684 831 3768 praeeedit
847 3684 1020 3749 coniuncta
1042 3683 1228 3768 legebatur,
1253 3685 1330 3748 sunt

116 3805 256 3852 numero
278 3784 398 3872 viginti
420 3808 486 3852 sex.

206 3887 323 3961 Paucis
355 3888 520 3955 mensibus
553 3893 626 3975 post
660 3891 787 3956 easdem
811 3889 975 3977 epistulas,
1009 3912 1090 3976 quae
1123 3889 1164 3954 ab
1187 3888 1328 3953 Avantio

117 3990 227 4058 editae
250 3994 360 4078 mant,
384 3992 500 4059 iterum
524 3991 629 4057 edidit
640 3992 863 4078 ¹Philippus
887 3992 1130 4076 Beroaldus,
1159 3990 1214 4076 qui
1236 3994 1328 4075 'post-

116 4115 219 4180 quam
242 4117 271 4159 a.
297 4083 380 4160 1498
403 4116 520 4160 novem
542 4094 754 4179 epistularum
775 4095 874 4161 libros
890 4095 1050 4180 ediderat,
1073 4091 1328 4159 a.1502ethas
1376 4142 1382 4152 .

116 4200 156 4263 et
192 4197 373 4263 orationem
405 4197 506 4263 Plinii
543 4197 654 4263 eadem
691 4219 821 4283 prorsus
855 4198 960 4264 forma
994 4217 1161 4283 expressas
1198 4194 1327 4279 adiecit,

117 4304 281 4381 Epistolae
306 4305 405 4366 Plinii
434 4307 479 4365 od
509 4304 677 4367 Troianum
709 4323 778 4367 carn
805 4307 1006 4384 Parapyrico.
1050 4306 1102 4365 En
1128 4305 1330 4378 eastipatione

117 4407 261 4484 Pollippt
287 4407 445 4470 Beroaldi.
489 4408 713 4471 PHILIPPUS
738 4407 989 4470 BEBOALBUS
1014 4408 1071 4467 AI)
1092 4404 1327 4467 LECTOREM.

116 4511 192 4572 Hae
212 4517 281 4570 snat
304 4511 461 4589 Epistoloc
483 4514 610 4588 aliquot,
640 4530 721 4588 querc
753 4515 930 4588 ruotperrime
960 4521 991 4570 iu
1013 4513 1111 4572 lttccm
1127 4510 1325 4587 prodierunt,

116 4631 141 4674 α
164 4613 264 4673 Plinio
286 4613 426 4676 Secuudo
448 4616 491 4674 ad
516 4614 683 4675 Traianum
705 4616 925 4690 Iruporntorem
952 4623 981 4673 et
1003 4631 1023 4672 a
1049 4613 1187 4674 Traiano
1210 4613 1252 4672 ad
1267 4611 1328 4670 Pli-

1082 4716 1121 4776 et
