2934 4966
510 276 759 329 urrsrurnruu
781 278 843 328 vu.
867 275 892 326 a.
914 270 950 339 (a
966 270 1026 338 ror)
1308 263 1370 330 185

162 433 240 499 dum
262 426 442 498 oratorium·
460 455 531 500 esse
552 436 662 501 tacere
688 455 786 521 quam
807 432 932 515 dicere,
961 435 1059 519 utque
1081 433 1161 500 adeo
1182 437 1295 522 repeto
1317 457 1368 502 rue

163 533 357 622 quibusdam
379 535 496 621 capitis
518 537 582 603 reis
604 537 655 603 vel
670 535 777 624 magis
798 535 929 602 silentio
950 556 1048 621 quum
1069 539 1217 604 oratione
1239 559 1369 626 accurs

163 637 290 704 tissima
310 637 483 724 profuisse.
512 643 618 707 mator
638 640 758 706 amisso
778 638 845 704 filio
867 636 959 723 (quid
973 637 1061 703 enim
1074 637 1236 726 prohibet,
1260 645 1399 728 quam-8

163 740 342 827 quamalia
355 741 440 812 ratio
455 741 645 832 scribendae
660 741 817 829 epistulae
831 739 948 823 fuerit,
972 738 1011 804 de
1034 740 1149 806 studiis
1164 741 1330 828 disputare
1336 744 1368 833 ἳ)

134 842 300 909 alibertus
326 843 399 910 eius
428 840 620 930 eosdemque
651 843 822 911 coheredes
855 863 929 908 suos
956 840 1034 907 falsi
1063 844 1097 908 et
1123 845 1271 911 veneficii
1298 869 1368 914 reos

162 945 325 1013 detulerat
334 947 377 1014 ad
387 947 577 1035 principem¹
585 948 786 1033 iudicemque
797 946 1020 1033 inpetraverat
1034 943 1153 1011 Iulium
1165 943 1377 1016 sarnanum}

162 1047 373 1117 defenderam
394 1072 468 1116 reos
493 1050 629 1138 ingenti,
645 1049 774 1141 quidem
802 1050 911 1115 coetu:
941 1050 1012 1112 erat
1034 1046 1123 1113 enirn
1149 1070 1248 1141 causa
1269 1053 1420 1142 notis-9,

163 1151 265 1237 sima,
291 1155 461 1239 praeterea
487 1153 650 1240 utrimque
677 1143 814 1240 ingenia¹
841 1144 1030 1217 clarissima.
1066 1150 1166 1217 finem
1188 1153 1369 1238 cognitioni

163 1252 312 1341 quaestio
333 1254 494 1342 inposuit,
516 1277 600 1342 quae
614 1255 791 1322 secundum
813 1275 885 1320 reos
899 1252 998 1318 dedit.
1026 1255 1141 1338 postea
1161 1258 1267 1321 mater
1288 1255 1370 1323 adiit
1381 1265 1421 1329 10

123 1381 151 1420 ro
163 1356 363 1443 principem,
392 1357 577 1426 adfirmauit
603 1345 639 1425 se
664 1379 765 1427 noves
792 1355 1003 1444 probationes
1030 1355 1204 1424 invenisse.
1239 1381 1369 1444 praece

162 1463 256 1545 ptum
279 1462 330 1531 est
343 1459 572 1535 subuanofut
592 1464 725 1533 vacaret
738 1460 867 1535 finam
888 1480 1020 1533 causam
1033 1461 1238 1547 retractanti,
1262 1461 1369 1548 siquid

163 1563 240 1629 novi
262 1563 414 1629 adferret.
450 1563 563 1630 aderat
584 1564 682 1629 matri
708 1563 810 1631 Iulius
831 1555 1025 1646 Africanus,
1054 1563 1156 1649 nepos
1183 1562 1271 1629 illius
1298 1586 1367 1631 oru-
1380 1572 1417 1638 ll

162 1665 261 1748 toris,
284 1687 349 1752 quo
369 1665 481 1732 audibo
494 1665 669 1733 Passienus
683 1665 821 1751 Crispus·
838 1665 920 1731 dixit
941 1664 1037 1730 ‘bene
1052 1664 1245 1748 mehercule,
1268 1666 1367 1734 bene:

162 1767 221 1834 sed
242 1790 306 1854 quo
327 1770 396 1835 tam
410 1769 541 1835 benei’.
571 1768 667 1836 huius
688 1789 801 1861 nepos,
824 1768 950 1839 iuvenis
972 1767 1174 1854 ingeniosus,
1196 1768 1253 1834 sed
1276 1769 1367 1855 [uon]

123 1895 151 1935 rs
163 1892 278 1956 parum
307 1869 456 1956 callidus,
486 1895 559 1938 cum
586 1871 689 1937 multa
716 1871 851 1936 dixisset
878 1870 1148 1957 adsignatumque
1169 1873 1298 1956 tempus
1319 1873 1368 1938 in·

162 1971 301 2059 plessei,
325 1978 429 2060 ‘rogo'
450 1976 574 2061 inquit,
595 1973 795 2058 ‘Suburana
818 1975 990 2060 permittas
1010 1973 1091 2040 mihi
1112 1988 1213 2039 unum
1234 1975 1368 2040 verbum

163 2075 316 2141 adicere!
352 2080 422 2142 tum
450 2099 528 2164 ego,
558 2077 631 2143 cuin
659 2098 771 2142 ornnes
792 2098 844 2142 me
872 2079 911 2142 ut
932 2076 988 2142 diu
1011 2097 1242 2161 responsurum
1263 2077 1366 2143 iutuc·
1379 2083 1418 2149 12

158 2181 294 2264 rentur,
319 2171 582 2266 ‘respondissem’
604 2180 755 2271 inquam,
773 2178 817 2243 ‘siz
828 2200 929 2244 unum
948 2178 1028 2244 illud
1042 2179 1177 2244 verbum
1191 2178 1368 2246 Africanus

164 2279 380 2366 abscissas
357 2304 407 2348 ιιι
428 2302 491 2367 que
505 2304 573 2348 non
595 2281 709 2349 dubito
723 2280 833 2346 einana
847 2302 932 2349 nova
953 2280 1078 2346 fuisse?
1108 2301 1177 2346 non
1196 2281 1310 2348 facile
1307 2304 1368 2352 rue
1380 2289 1419 2354 13

122 2410 151 2450 ιο
163 2386 275 2469 repeto
296 2386 426 2451 tanturn·
440 2371 617 2450 adsensum
635 2383 769 2478 agendo
776 2387 932 2480 consecet
923 2405 1003 2471 um,
1027 2386 1161 2477 quau
1130 2405 1185 2449 um
1200 2386 1279 2450 tunc
1300 2405 1415 2489 non
1444 2446 1448 2451 .

164 2484 305 2572 agendo.
332 2485 483 2553 similiter
503 2491 648 2553 nuncet
669 2487 787 2572 probat
788 2489 897 2554 umet
919 2488 1090 2572 exceptum
1111 2464 1163 2551 est
1168 2478 1286 2572 ,quod
1303 2492 1368 2585 pr'o

163 2586 308 2654 Vareno
315 2573 473 2655 haetenus
494 2611 562 2656 non
583 2588 681 2656 tacui.
713 2591 876 2673 consules,
905 2591 953 2654 ut
965 2587 1148 2674 Polyaenus
1169 2591 1244 2674 post
1229 2570 1366 2673 tutabat,
1379 2594 1419 2660 14

163 2691 274 2757 omnia
286 2690 418 2778 integra
439 2691 581 2778 principi
600 2696 826 2777 servaverunt,
852 2690 941 2765 errius
958 2691 1183 2778 cognitionem
1192 2712 1368 2777 suspensus

163 2797 308 2881 expecto.
359 2816 448 2878 nam
466 2794 535 2870 ‘lias
561 2794 619 2874 ille
643 2783 746 2868 noua.
771 2816 831 2882 pro
857 2793 989 2888 Vareno
1016 2799 1074 2860 aut
1100 2794 1307 2861 securitatem
1335 2798 1368 2860 et

164 3036 368 3049 a*

233 3212 245 3260 1
265 3209 414 3260 oratorium
425 3209 567 3266 esselisa
576 3211 727 3261 oratorium
738 3213 812 3262 estD
822 3213 974 3262 oratorium
986 3225 1048 3261 esse
1059 3213 1113 3273 etp
1130 3213 1269 3260 oratorum
1280 3224 1341 3260 esse
1353 3222 1367 3258 r

196 3278 329 3344 adque!
351 3270 651 3343 quibusdammeame
671 3280 807 3344 quibust)
860 3278 1137 3329 iaceuratissimea
1180 3276 1364 3344 epraeiuisse

161 3362 190 3413 p
248 3345 425 3398 bliberton
491 3346 561 3398 fedei
576 3347 798 3405 usrreuefibius·
869 3346 1028 3399 ueneficii>
1097 3347 1298 3410 reuspreon

128 3476 130 3480 Ι
162 3412 366 3483 bdetuieritc
417 3415 584 3465 scrutariam
595 3416 678 3478 Imp
688 3417 835 3468 Cataueeus
852 3430 876 3464 ιι
887 3416 1055 3468 suburanam
1073 3429 1087 3464 r
1105 3415 1300 3470 Senianums
1350 3414 1384 3471 8„

162 3483 249 3535 finer
287 3484 423 3548 ‘aquae
442 3496 488 3534 om:
507 3485 557 3531 1⁹¹
604 3485 701 3535 adita
784 3489 816 3535 11
835 3483 976 3536 suburano
994 3485 1083 3546 ltpra
1101 3485 1259 3535 suburbano
1278 3485 1299 3532 Β
1317 3483 1366 3533 Se-

161 3553 255 3603 miano
273 3563 291 3607 ς
309 3550 606 3602 Seruianchteuueae
692 3552 865 3604 retractandi
883 3554 964 3615 Βρι*
1052 3554 1083 3603 12
1106 3568 1193 3618 nepos
1212 3552 1311 3617 (nepus
1328 3551 1367 3613 u)

161 3621 238 3679 illius
255 3620 380 3671 oratorie
391 3619 441 3669 Ιιι
458 3634 548 3684 nepos
562 3618 657 3671 iulius
665 3621 783 3672 oratoris
800 3622 829 3670 Β
841 3631 932 3686 nepos
940 3620 1007 3671 Iulii
1024 3621 1145 3672 oratoris
1162 3634 1199 3684 pr
1259 3622 1301 3671 .13
1318 3634 1366 3669 su·

161 3690 254 3740 ditur
338 3685 510 3755 mehercule]
530 3695 560 3739 et
576 3689 704 3740 hercules
721 3692 743 3738 Β
762 3706 805 3740 me
823 3689 1006 3752 haeredemp
1093 3691 1126 3740 14
1143 3688 1192 3739 scd
1210 3703 1265 3754 quo
1283 3702 1301 3735 a
1317 3685 1367 3738 sed

161 3753 253 3824 qut.
271 3754 402 3822 equod)
419 3758 447 3805 1
465 3757 511 3808 sed
530 3757 638 3824 quidD
656 3757 705 3808 aad
724 3758 833 3824 quidem
851 3757 953 3821 praed
976 3757 1042 3823 quid
1060 3756 1148 3813 hocs
1220 3754 1302 3806 buius
1319 3770 1366 3805 ue-

161 3841 213 3892 pus
231 3827 259 3874 H
274 3824 363 3876 Iulius
380 3825 472 3890 Nepos
490 3841 507 3875 a
575 3825 626 3876 sed
644 3841 741 3891 parum
762 3828 908 3877 Coronaeus
924 3832 953 3878 et
970 3841 1026 3878 non
1044 3841 1140 3891 parum
1153 3838 1189 3881 ις
1260 3825 1291 3875 15
1309 3821 1365 3874 cal-

161 3894 234 3947 lidus
250 3906 309 3958 pra
327 3892 417 3944 callus
434 3895 457 3942 Β
476 3893 569 3958 gallus
587 3895 616 3942 u
685 3909 746 3944 cum
765 3894 864 3945 ultaD
936 3897 968 3945 16
985 3894 1124 3946 suburcae
1140 3895 1208 3942 Mra
1226 3893 1365 3943 suburano

161 3964 204 4027 Dp
223 3962 351 4014 Semiuue
368 3975 385 4017 ς
404 3962 539 4012 Seruiana
558 3963 706 4012 Coronaeus
803 3963 975 4027 permittisr
1060 3978 1143 4013 unum
1165 3961 1280 4012 uerbum
1299 3962 1366 4012 Μις
1430 4023 1432 4027 ⁴

161 4047 245 4082 unum
264 4045 374 4082 uersum
390 4030 458 4092 Dps
545 4032 576 4080 17
601 4030 724 4081 adiicere
746 4033 809 4092 upr
830 4032 924 4082 dicere
942 4033 1008 4085 Hs
1019 4031 1136 4097 negavit
1156 4029 1203 4082 ille
1225 4032 1265 4080 ue!
1286 4031 1365 4078 struite

161 4102 281 4167 quiddam
299 4106 359 4164 post
377 4098 488 4149 adicere
506 4101 635 4150 excidisse
658 4100 806 4164 ιιιιρὶιιιιιιι
823 4101 993 4151 Mommsenio
1064 4101 1096 4151 18
1115 4114 1197 4149 ιιιιιιιιι
1216 4096 1286 4147 illud
1305 4112 1365 4145 ιιιι-

160 4170 224 4220 bum
241 4168 310 4224 Ηις
335 4182 420 4218 uuum
446 4167 526 4218 illum
549 4183 659 4218 uersum
677 4171 743 4232 Dpa
863 4171 896 4219 20
914 4172 1074 4218 tantum-
1040 4182 1146 4219 -uou
1166 4165 1365 4231 agendobilbr

161 4245 270 4289 tautum
289 4236 462 4287 adsensum·
455 4251 484 4285 ιιι
502 4236 610 4301 agendo
630 4241 808 4287 consecutum
827 4243 961 4301 qrrautum
978 4240 1046 4287 tunc
1069 4253 1123 4287 non
1142 4233 1251 4300 agendo
1269 4247 1286 4290 ς
1306 4239 1365 4282 tan

161 4313 218 4357 turn
237 4308 417 4356 consecutum
436 4304 583 4354 adsensum
602 4305 712 4371 agendo
730 4310 866 4370 quantum
884 4321 939 4356 non
957 4305 1066 4368 agendo
1085 4309 1225 4353 stantum
1243 4303 1299 4352 iarn
1318 4301 1365 4351 ad·

161 4388 274 4425 seucum
294 4371 405 4438 agendo
422 4370 488 4436 (red.
507 4371 566 4439 om.)
584 4388 601 4437 p
670 4377 703 4425 22
721 4374 857 4425 hacteuus
879 4374 958 4423 tacui
976 4374 1118 4425 sichardus
1140 4379 1165 4422 et
1184 4371 1365 4421 ‘membranae’

161 4443 248 4494 Medii
265 4448 368 4495 murem.
387 4444 445 4494 leot.
465 4445 498 4491 92
519 4443 591 4493 (irus.
610 4445 689 4508 larup.
712 4444 740 4493 V
753 4461 779 4504 p.
800 4445 851 4492 241
870 4442 1007 4493 hacteuus
1025 4457 1080 4492 non
1099 4441 1145 4507 egi
1164 4439 1195 4490 G.
1214 4440 1250 4491 II.
1269 4440 1367 4490 Soleae·

158 4512 234 4575 serus
287 4509 439 4576 ¹polyauus
456 4525 472 4574 p
489 4510 658 4568 Polieuuss
744 4514 778 4564 23
796 4511 935 4577 principes
957 4512 985 4559 Βί
1053 4512 1264 4575 cernerenturp
1332 4509 1366 4561 24

160 4586 262 4647 expeto
280 4581 302 4630 Β
322 4584 454 4647 expectet
470 4594 487 4644 p
555 4581 736 4633 securitatem
754 4579 834 4632 uobis
852 4584 912 4631 etr
