2934 4966
421 271 670 352 tarraconensis
691 249 717 348 ιζ
741 292 966 362 11.1r.<aer)
1175 330 1177 335 >
1260 282 1299 349 17

88 461 258 544 correptus
280 459 341 523 est.
370 458 497 543 patrius
518 454 574 521 hic
595 454 660 523 illi:
682 478 755 521 nam
769 452 960 543 plerumque
974 455 1078 522 morbi
1093 476 1220 543 quoque
1240 477 1300 541 per

42 609 44 615 -
87 562 309 627 successiones
340 560 516 647 quasdam,
552 564 590 626 ut
622 559 703 646 alia,
737 559 922 625 traduntur.
976 559 1064 625 huno
1100 558 1330 625 abstinentias)

86 663 280 749 sanctitate,
312 663 416 751 quoad
437 663 551 730 viridis
574 667 681 748 aetas,
711 663 791 729 vicit
818 665 853 729 et
879 663 995 749 fregit,
1014 663 1197 729 novissime
1226 655 1300 729 cnm

87 770 256 833 senectute
277 766 560 852 ingravescentem
581 766 703 832 viribus
726 765 827 831 animi
849 765 1046 851 sustinebat,
1071 760 1149 831 ¹aum
1170 765 1330 850 quidemb
1410 811 1418 817 -

56 869 290 936 aincredibilis
313 869 475 935 cruciatus
505 873 539 935 et
560 868 790 956 indignissima
817 871 982 934 tormenta
1008 870 1184 954 pateretur.
1232 869 1299 934 iam

85 973 177 1048 enirn
204 972 295 1038 dolor
321 994 391 1039 non
417 971 554 1058 pedibus
582 972 688 1056 solie„
705 976 743 1038 ut
768 971 875 1057 prius,
902 971 1082 1056 insidebat,
1111 971 1168 1037 sed
1190 972 1300 1038 omnia

84 1075 233 1141 membra
259 1075 511 1163 pervagabatur.
530 1114 532 1119 >
553 1075 630 1144 reni
658 1074 700 1140 ad
727 1097 800 1141 eum
828 1073 1009 1140 Domitiani
1036 1074 1236 1160 temporibus
1263 1074 1300 1140 in
1344 1087 1347 1093 '

83 1177 274 1244 suburbano
295 1177 469 1245 iacentem.
507 1178 593 1244 servi
614 1199 632 1243 e
654 1176 803 1244 cubiculo
817 1181 1044 1243 recesserunt:
1073 1175 1217 1244 habebat
1237 1175 1328 1244 hoc‘l

23 1272 29 1282 ’
83 1281 186 1347 moris
193 1330 203 1365 ,
227 1281 377 1366 quotiens
391 1276 549 1347 intrasset
563 1280 689 1346 fidelior
704 1281 843 1366 amicus3
865 1281 945 1367 quin
959 1280 1060 1346 etiam
1073 1302 1165 1365 uxor,
1189 1302 1299 1367 quam·

40 1401 69 1442 1⁰
84 1406 185 1471 quam
207 1384 314 1450 omnis
328 1385 446 1452 secreti
462 1384 690 1470 capacissima,
714 1383 965 1470 digrediebatur.
1005 1384 1205 1449 circumtulit
1225 1384 1329 1451 ocu-8

82 1488 136 1554 los
159 1491 192 1554 et
213 1493 306 1554 ‘cur'
328 1489 438 1575 inquit
466 1495 536 1553 ‘me
557 1491 654 1573 putas
676 1486 736 1553 hos
757 1478 866 1552 tantos
889 1485 1015 1551 dolores
1036 1489 1106 1550 tam
1127 1485 1183 1551 diu
1204 1488 1299 1554 susti·

83 1589 190 1657 nere?
224 1593 262 1656 ut
289 1590 416 1656 scilicet
443 1590 499 1656 isti
526 1589 648 1655 latroni
672 1589 729 1681 ,vel
757 1611 823 1654 uno
851 1588 903 1671 die
931 1589 1090 1675 supersim
1098 1597 1118 1655 ’.
1156 1588 1299 1657 dedisses

83 1693 165 1760 huic
192 1693 302 1762 animo
330 1715 391 1780 par
421 1715 554 1780 corpus,
588 1693 721 1759 fecisset
753 1692 837 1778 quod
864 1691 1012 1778 optabat.
1055 1691 1162 1757 adfuit
1187 1696 1299 1760 tamen

84 1796 167 1862 deus
187 1799 281 1881 voto,
305 1796 395 1863 cuius
418 1796 474 1862 ille
497 1817 644 1882 compos,
668 1799 705 1861 ut
718 1796 785 1860 iam
800 1814 930 1861 securus
953 1794 1096 1882 liberque
1110 1796 1298 1882 moriturus,
1376 1782 1379 1789 ’

39 1915 69 1956 1⁶
83 1899 194 1966 multa
214 1892 273 1966 illa
293 1900 397 1986 vitae,
421 1899 478 1966 sed
492 1899 626 1965 minora
641 1898 823 1964 retinacula
838 1897 979 1984 abrupit.
1009 1898 1192 1964 increverat
1212 1899 1328 1968 vale-9

82 2002 182 2088 tudo,
205 2024 305 2090 quarn
325 2002 543 2089 temperantia
558 2000 711 2088 mitigare
725 2001 914 2087 temptavit,
938 2005 1200 2088 perseverantem
1224 2024 1299 2069 con-
1431 1987 1434 1994 ¹

17 2180 22 2189 ι
84 2105 213 2172 stantia
239 2105 340 2194 fugit.
377 2106 444 2171 iam
471 2105 540 2171 dies
569 2104 652 2170 alter
677 2106 794 2170 tertius
821 2110 972 2191 quartus:
1006 2104 1193 2171 abstinebat
1214 2104 1297 2172 cibo.
1391 2094 1393 2096 ’

83 2206 178 2275 misit
200 2208 314 2275 adme
335 2230 417 2274 uxor
432 2209 500 2274 eius
520 2205 672 2295 Hispulla
688 2209 889 2273 communem
905 2207 1044 2273 amicum
1059 2207 1095 2275 Ο.
1113 2207 1298 2275 Geminium

86 2334 162 2378 cnm
183 2312 371 2381 tristissimo
393 2312 526 2397 nuntio,
550 2311 731 2377 destinasse
754 2309 926 2378 Corellium
953 2312 1035 2376 mori
1062 2333 1125 2377 nec
1153 2316 1210 2377 aut
1231 2313 1298 2379 suis
1340 2356 1342 2361 ,
1446 2365 1448 2370 .

39 2431 70 2473 ω
86 2418 149 2481 aut
172 2415 260 2482 filiae
287 2415 437 2502 precibus
464 2415 569 2501 flecti,
604 2415 708 2500 solum
742 2435 908 2501 superesse
934 2436 996 2499 me,
1026 2436 1130 2502 aquo
1152 2416 1298 2483 revocari

85 2521 200 2604 posset
220 2518 261 2583 ad
284 2517 394 2592 vitam.
416 2517 576 2583 'cucurrit
602 2515 814 2603 perveneram
836 2518 871 2582 in
893 2517 1092 2603 proximum,
1122 2540 1194 2584 cum
1208 2519 1349 2587 nihilo
1391 2591 1394 2598 ,

86 2622 131 2686 ab
154 2611 266 2686 eadem
288 2618 441 2707 Hispulla
461 2618 564 2685 Iulius
587 2619 717 2686 Atticus
739 2619 872 2685 nuntiat
898 2619 981 2684 nihil
1003 2620 1132 2696 iamne
1154 2643 1206 2687 mc
1227 2622 1297 2708 qui-
1378 2627 1382 2637 '

64 2724 162 2800 ,dem
181 2719 446 2815 inpetraturum,
482 2725 551 2787 tam
578 2721 741 2788 obstinate
768 2724 873 2809 magis
901 2745 939 2788 ac
967 2724 1073 2809 magis
1101 2724 1295 2792 induruisse.

84 2825 215 2893 dixerat
236 2847 316 2892 sane
337 2825 462 2891 medico
486 2824 670 2893 admoventi
682 2824 801 2895 acibum
828 2827 972 2910 κέκρικα,
1001 2848 1084 2912 quae
1112 2849 1174 2892 vox
1195 2850 1296 2913 quan-

38 2944 69 2988 rs
83 2931 159 2994 tum
182 2926 407 2993 admirationis
428 2928 464 2994 in
487 2927 596 2992 animo
611 2949 684 2992 meo
705 2929 835 2993 tantum
851 2927 999 2994 desiderii
1015 2929 1157 3015 reliquit.
1188 2932 1296 3017 cogito

85 3053 152 3118 quo
174 3031 298 3114 amico,
321 3052 384 3116 quo
405 3031 475 3114 viro
499 3051 637 3096 caream.
676 3030 825 3115 implevit
839 3029 968 3116 quidem
983 3053 1107 3096 annum
1123 3033 1344 3119 septimumll
1442 3025 1446 3033 ’

84 3138 121 3201 et
148 3132 408 3220 sexagensimum
415 3128 541 3219 ,squae
573 3136 663 3198 aetas
698 3134 798 3198 etiam
824 3133 1058 3200 robustissimis
1088 3136 1167 3201 satis
1195 3128 1302 3223 longa

85 3239 154 3303 est:
185 3237 262 3302 scio.
301 3236 404 3302 evasit
430 3240 622 3321 perpetuam
644 3236 879 3302 valetudinem:
906 3237 984 3302 scio.
1022 3236 1160 3304 decessit
1186 3260 1296 3326 super·

84 3338 218 3405 stitibus
240 3338 324 3424 suis,
351 3338 488 3405 florente
510 3360 546 3404 re
573 3337 719 3424 publica,
748 3361 829 3424 quae
857 3338 907 3405 illi
930 3339 1079 3407 omnibus
1101 3341 1168 3407 suis
1192 3344 1296 3409 carior

1351 1276 1391 1304 vl

83 3530 294 3543 -un

159 3654 173 3702 1
193 3667 244 3717 per
262 3687 289 3705 ..
307 3651 414 3703 oriones
432 3666 503 3702 corr.
521 3653 556 3700 αἱ.
580 3667 647 3703 man.
671 3665 721 3715 per
744 3651 940 3702 successiones
957 3652 981 3700 V
1083 3655 1099 3704 3
1118 3652 1208 3716 qiioad
1225 3656 1295 3711 Vra

85 3720 164 3788 qnod
181 3719 216 3770 ad
233 3736 303 3771 corr.
324 3719 415 3784 quoad
432 3721 460 3768 Μ
478 3717 550 3785 quod
568 3719 610 3782 Fp
630 3719 678 3782 qui
696 3719 767 3784 quod
783 3734 798 3768 r
849 3735 909 3770 cum
928 3725 1074 3770 senectute
1086 3722 1213 3777 Ursa
1232 3739 1293 3774 eum

83 3793 236 3842 senectute
254 3789 375 3839 Νίκωνι
394 3803 411 3851 p
429 3804 491 3838 cum
508 3787 537 3836 in
556 3793 735 3838 senectuter
803 3786 1052 3838 tinoredibilesF
1109 3789 1221 3842 ddolor
1239 3808 1294 3843 non

83 3856 204 3926 pedibus
222 3856 312 3908 solum
330 3869 347 3912 ς
363 3856 474 3909 dolores
491 3871 547 3906 non
565 3854 651 3905 solum
671 3856 789 3921 pedibus
812 3856 911 3907 soliar
998 3858 1012 3906 7
1035 3861 1263 3922 perungebantur
1280 3875 1294 3910 r

158 3928 175 3977 8
192 3925 314 3978 habebat
331 3925 385 3976 hoc
402 3926 457 3974 HV
475 3926 597 3979 Riceard.
617 3924 740 3976 habebat
762 3926 834 3974 enim
852 3924 905 3975 hoc
923 3927 966 3988 Ἑρ
986 3925 1132 3977 Cataractes
1149 3927 1294 3985 habebant

85 3997 164 4046 enim
182 3993 235 4046 hoc
252 4007 287 4048 κς
305 3992 455 4044 habebatis
472 3993 558 4043 hoca
643 3995 745 4058 9quin
768 4010 814 4045 om.
833 3994 888 4042 MV
976 4009 1132 4060 quanquam
1151 3996 1174 4043 V
1262 3998 1297 4049 1o

22 4109 26 4115 .
85 4064 225 4127 omnip'
265 4060 521 4128 digrediebaturlt
592 4065 622 4112 11
642 4061 778 4111 tandqu
848 4064 880 4112 12
899 4078 953 4112 iano
971 4061 1046 4112 uelr
1116 4065 1148 4112 14
1165 4069 1197 4114 ut
1213 4079 1295 4115 cnm

159 4134 192 4182 15
210 4131 315 4196 abripit
331 4131 355 4179 V
434 4129 559 4180 ualitudo
578 4131 628 4179 Π
714 4132 746 4180 16
765 4130 892 4195 mitigare
912 4133 1059 4181 consueuit
1070 4133 1192 4181 tentanit
1208 4146 1225 4196 p

84 4208 335 4268 perseueranteam
352 4199 381 4247 Ι
462 4200 493 4248 17
513 4198 597 4262 fregit
614 4200 782 4250 Monuosemas
851 4198 920 4248 diem
940 4199 1056 4249 alterum
1075 4201 1191 4250 tercium
1212 4217 1292 4267 quar—

84 4276 179 4320 tumr
240 4271 271 4320 18
289 4268 321 4319 0.
341 4266 488 4332 geminium
506 4268 589 4329 rpra
608 4266 638 4321 C,
659 4281 816 4330 germanum
835 4268 858 4315 V
877 4269 909 4318 G.
928 4270 1101 4325 germaniam
1119 4271 1161 4318 1:
1177 4271 1293 4329 sortasse

85 4335 120 4388 C.
141 4336 287 4389 Geminum
374 4338 406 4386 19
425 4349 489 4384 suos
506 4351 577 4388 corr.
596 4337 653 4384 suis
666 4337 693 4383 Η
775 4338 808 4386 ‘20
826 4336 902 4386 flecti
919 4338 1002 4399 Fpra
1023 4336 1129 4386 inflecti
1145 4338 1224 4393 ΜἾς

84 4407 121 4457 21
140 4406 260 4472 possiti·
328 4407 361 4456 22
379 4403 509 4453 Actiusr
578 4406 611 4455 23
629 4405 827 4470 imperaturum
846 4403 925 4468 Fpr*
995 4406 1181 4470 magicatque
1201 4409 1291 4472 magio

83 4487 100 4522 r
119 4475 209 4539 magis
225 4489 242 4539 p
319 4477 353 4525 24
372 4469 514 4524 ΚΕΚΡΙΚΛ
533 4473 590 4521 Π
613 4473 735 4522 literar-d.
753 4485 791 4527 ςει
813 4472 937 4538 κέκμηκα
958 4472 1105 4524 Beroaldus
1127 4483 1152 4524 et
1170 4477 1196 4525 in
1214 4478 1292 4526 litura

84 4547 122 4592 al.
141 4560 209 4597 maa.
225 4545 260 4607 F,
279 4548 305 4594 r'a
322 4547 414 4594 lacuna
432 4557 480 4591 om.
497 4555 533 4604 pr
619 4543 651 4591 2³5
669 4540 787 4592 desideri
805 4543 828 4590 V
897 4544 929 4593 26
949 4544 1001 4606 duo
1020 4542 1079 4592 uiro
1098 4557 1151 4607 quo
1170 4544 1321 4594 amicor-

158 4612 192 4662 28
208 4611 390 4678 ualitudinem
408 4610 457 4659 Π
526 4611 559 4661 ‘29
578 4610 704 4661 omnibus
724 4611 815 4662 carior
833 4611 912 4666 Ὴς

140 4692 211 4733 Pam
222 4702 294 4737 mar.
307 4705 346 4736 ro.
358 4695 429 4736 1111..
1063 4699 1079 4747 2
