2934 4966
524 285 774 341 arreranaaun
797 286 888 335 11111.
912 281 955 332 aa.
977 277 1019 333 aa.
1188 342 1196 360 ⁸
1307 269 1377 336 261·

161 450 294 541 gissime
316 443 452 538 uilitas
474 443 522 510 ita
544 442 640 510 simul
654 442 808 511 natantes
830 439 972 528 reliquit.
1003 438 1068 506 hoe
1090 439 1268 508 certamine
1290 441 1401 528 puer4

161 552 291 642 quidam
306 546 478 615 andentior
493 547 608 614 ceteris
622 547 658 612 in
674 545 829 613 ulteriora
843 543 1010 611 tendebat.
1034 543 1206 631 delphinus
1230 544 1371 612 occurrit

162 660 196 725 et
222 674 311 720 nunc
337 650 531 740 praecedere
558 671 711 738 puerum,
737 670 827 715 nunc
855 648 962 735 sequi,
991 669 1080 714 nune
1103 648 1287 735 circumire,
1315 671 1371 735 po·

161 762 281 825 stremo
301 755 425 840 subire,
448 754 626 841 deponere,
650 753 769 818 iterum
796 751 905 818 subire
933 750 1212 838 trepidantemque
1227 751 1370 838 perferre

133 861 301 946 eprimum
323 858 359 925 in
373 858 492 940 altum,
515 877 590 922 mox
605 855 708 921 flectit
730 853 771 919 ad
785 854 863 921 litae
885 854 1054 942 redditque
1069 857 1175 921 terrae
1198 858 1232 921 et
1253 877 1370 942 aequa·

160 962 255 1029 libus.
286 960 389 1049 serpit
410 981 469 1047 per
491 959 650 1025 coloniam
671 957 774 1024 fama:
798 979 989 1024 concurrere
1011 978 1139 1042 omnes,
1162 958 1270 1043 ipsum
1291 955 1398 1044 pue-5

160 1088 232 1132 rum
252 1069 420 1152 tamquam
434 1059 627 1155 miraeqlum
649 1061 810 1147 aspicere,
834 1061 1055 1148 interrogare,
1072 1059 1199 1145 audire,
1223 1083 1368 1155 narrare.

158 1171 289 1254 postero
310 1167 362 1233 die
385 1164 535 1232 obsident
548 1160 656 1250 litus,
685 1167 897 1250 prospectant
918 1186 1006 1230 mare
1029 1167 1062 1229 et
1084 1162 1188 1251 siquid
1217 1167 1267 1230 est
1288 1164 1370 1231 mari

159 1270 276 1337 simile.
306 1271 425 1336 natant
444 1267 553 1354 pueri,
577 1267 665 1334 inter
684 1266 744 1334 hds
766 1266 838 1354 ille,
861 1268 918 1334 sed
940 1267 1075 1334 cautius.
1107 1265 1278 1353 delphinus
1300 1289 1369 1334 rur·

120 1394 214 1440 rosus
236 1372 277 1440 ad
307 1374 450 1459 tempus,
480 1392 590 1437 rursus
613 1370 654 1436 ad
681 1393 828 1458 puerum.
858 1371 945 1459 fugit
972 1370 1028 1437 ille
1051 1392 1124 1437 cum
1147 1369 1273 1437 ceteris.
1286 1383 1289 1388 ’
1304 1371 1369 1436 del-

154 1475 288 1563 phinus,
313 1475 406 1563 qnasi
427 1474 546 1542 invitet
559 1477 699 1559 revocet,
723 1473 815 1542 exilit
829 1475 989 1562 mergitur
1009 1473 1178 1560 variosque
1194 1473 1288 1540 orbes
1309 1474 1369 1540 im·

156 1578 262 1665 plicat
276 1577 479 1666 expeditque.
510 1577 572 1644 hoc
588 1578 690 1644 altero
705 1578 774 1663 die,
797 1577 860 1643 hoc
876 1577 991 1662 tertio,
1008 1575 1070 1644 hoc
1084 1577 1242 1663 pluribus,
1266 1575 1398 1643 donecii
1425 1571 1429 1579 ’

156 1681 307 1747 homines
329 1681 507 1748 innutritos
529 1681 612 1747 mari
634 1679 759 1747 subiret
779 1679 916 1747 timendi
935 1679 1047 1767 pudor.
1078 1679 1238 1746 accedunt
1260 1683 1293 1746 et
1314 1682 1368 1745 ad-

156 1783 276 1850 ludant
297 1787 331 1850 et
352 1784 536 1870 appellant,
564 1786 709 1870 tangunt
736 1783 836 1849 etiam
858 1784 1123 1872 pertrectantque
1144 1771 1366 1869 praebentem.

114 1885 277 1953 increscit
298 1886 433 1953 audacia
455 1887 687 1973 experimento.
724 1886 863 1953 maxime
884 1908 965 1972 puer
987 1885 1044 1973 qui
1064 1885 1187 1972 primus
1216 1889 1375 1973 expertus·

157 1991 209 2056 est
223 1989 376 2075 adnatat,
398 1989 504 2056 insilit
517 1993 627 2088 terge,
648 1989 753 2056 fertur
773 1989 993 2076 referturque,
1017 1990 1151 2076 agnosci
1167 2010 1201 2056 se
1217 1993 1251 2056 et
1265 1990 1368 2056 amari

155 2093 266 2177 putat,
295 2094 394 2158 amat·
412 2093 498 2178 ipse:
526 2095 640 2159 neuter
662 2092 772 2177 timet,
802 2095 918 2159 neuter
939 2093 1089 2159 timetur:
1117 2091 1212 2159 huius
1238 2092 1365 2178 fidncia,

156 2194 373 2260 mansuetudo
401 2193 488 2260 illius
518 2198 666 2283 augetur.
701 2217 853 2263 necnon
875 2195 930 2260 alii
958 2196 1051 2281 pueri
1079 2196 1193 2261 dextra
1214 2195 1396 2282 laevaque?

155 2295 254 2362 simul
276 2300 356 2363 eunt
377 2295 547 2364 hortantes
569 2301 813 2385 monentesque.
843 2298 914 2365 ibat
929 2320 995 2364 una
1018 2298 1065 2386 (id
1083 2319 1213 2385 ‘quoque
1233 2297 1365 2385 mirum)

109 2426 141 2466 ro
156 2398 329 2495 delphinas
352 2399 450 2485 alius,
480 2403 610 2471 tantum
638 2404 802 2488 spectator
824 2405 857 2468 et
881 2424 1002 2469 comes:
1034 2401 1120 2469 nihil
1147 2402 1234 2487 enim
1261 2401 1367 2470 simile

156 2505 215 2568 ant
235 2502 378 2570 faciebat
393 2506 450 2569 aut
464 2503 650 2589 patiebatur
657 2555 666 2589 ,
690 2503 746 2570 sed
768 2496 905 2572 alterum
919 2505 1012 2572 illum
1027 2492 1165 2572 ducebat
1179 2505 1367 2573 reducebat-

155 2589 294 2693 qne,'ut
307 2627 443 2692 puerum
459 2607 556 2693 ceteri
571 2607 675 2694 pueri.
706 2606 911 2694 incredibile,
933 2611 1002 2675 tam
1018 2611 1253 2676 verumtamen
1268 2608 1395 2704 quem8

154 2708 279 2796 priora,
303 2707 492 2796 delphinum
507 2711 704 2798 gestatorem
721 2711 973 2800 collusoremque
1000 2734 1173 2799 puerorum
1193 2713 1365 2780 interram

155 2833 282 2900 quoque
305 2811 433 2879 extrahi
454 2813 585 2880 solitum
606 2813 800 2902 harenisque
823 2816 995 2902 siccatum,
1023 2815 1079 2882 ubi
1100 2814 1306 2902 incaluisset,
1329 2816 1365 2883 in

225 3163 238 3212 1
257 3156 403 3228 natantes]
423 3161 534 3211 nanteis
552 3175 570 3210 e
656 3159 789 3227 relinquit
813 3160 865 3212 hoc
883 3162 1035 3214 certamine
1054 3175 1070 3213 a
1087 3161 1202 3229 reliquit
1219 3163 1293 3228 Quid
1310 3163 1363 3217 hoc

155 3231 307 3282 certamine
325 3232 367 3293 Dp
387 3229 501 3296 reliquit
519 3228 550 3278 ld
569 3229 621 3280 hoe
639 3229 668 3279 in
687 3229 839 3281 certamine
857 3245 871 3279 r
889 3230 1004 3297 reliquit
1021 3231 1074 3282 hoc
1092 3232 1120 3282 in
1140 3233 1294 3284 certamine
1313 3246 1330 3289 ς

154 3299 345 3367 tteuehptli
434 3299 555 3348 occurrit
573 3299 725 3349 aincurrit
743 3301 806 3361 apr
875 3301 1058 3350 diamarnli
1129 3316 1296 3353 concurret

154 3370 303 3420 inerrare
323 3367 490 3432 respondere
509 3371 648 3433 postremo
668 3368 713 3418 die
730 3381 747 3430 p
834 3369 849 3418 8
867 3384 944 3421 mare
968 3376 996 3420 et
1019 3366 1062 3435 (et
1080 3385 1127 3420 em.
1147 3370 1171 3435 r)
1191 3371 1216 3421 si
1235 3371 1300 3438 quid
1319 3375 1364 3423 est

153 3436 225 3487 mari
243 3435 336 3487 simile
354 3438 444 3492 Brea
469 3451 545 3485 mare
573 3439 602 3485 et
628 3435 766 3500 siquidem
785 3437 855 3486 mari
878 3436 968 3487 simile
986 3452 1003 3501 p
1021 3452 1111 3501 mare,
1139 3439 1240 3505 ecquid
1259 3455 1273 3490 e
1292 3440 1364 3492 inari

153 3505 246 3556 simile
266 3505 368 3556 Certiae
438 3505 470 3554 10
488 3503 523 3554 ad
541 3519 655 3569 puerum
673 3506 747 3570 sugit
764 3504 813 3554 illa
833 3521 894 3554 eum
914 3506 1016 3556 ceteris
1035 3505 1184 3572 delphinus
1205 3507 1277 3560 ead
1289 3509 1361 3575 pue·

153 3589 213 3624 rum
231 3573 304 3639 fugit
321 3572 400 3623 uenit
416 3587 484 3637 puer
502 3573 576 3638 fugit
595 3571 641 3624 ille
662 3587 723 3623 eum
749 3574 851 3624 ceteris
870 3572 1010 3638 delphinis
1025 3575 1068 3637 np
1093 3575 1129 3626 nd
1151 3591 1265 3642 puerum
1283 3579 1362 3629 uenit

152 3642 203 3693 iile
223 3641 295 3706 fugit
321 3652 381 3692 cum
410 3641 512 3691 ceteris
538 3640 591 3692 Ille
610 3656 672 3692 cum
695 3642 796 3693 cetaria
823 3641 1003 3707 delphinusr
1030 3642 1065 3693 ed
1083 3659 1198 3710 puerum
1217 3646 1296 3698 uenit
1312 3644 1361 3698 ille

152 3711 229 3775 fugit
247 3725 309 3760 cum
328 3709 432 3761 ceteris
451 3709 601 3776 delphinus
620 3723 637 3767 ς
676 3712 722 3761 ’11
741 3711 845 3761 Inuitet
856 3716 970 3762 reuocet
988 3711 1120 3764 sinnitet
1139 3719 1168 3764 et
1184 3719 1298 3766 reuocet
1315 3706 1360 3772 hs

152 3780 243 3829 inuita
263 3783 292 3828 et
309 3782 422 3829 reuocet
438 3792 454 3842 p
472 3783 561 3830 mutet
579 3782 609 3830 et
625 3781 740 3830 reuocet
757 3793 771 3828 r
840 3778 919 3829 exilit
937 3791 976 3834 sa
995 3781 1063 3831 exili
1080 3795 1094 3830 r
1111 3781 1230 3833 exiliunt
1248 3784 1292 3844 Dp

152 3846 304 3912 implicitat
321 3861 339 3896 e
442 3847 619 3914 raptoribus
638 3847 736 3899 diebus
755 3846 880 3899 doneeD
952 3851 983 3900 13
1003 3850 1125 3900 marisii
1229 3846 1360 3921 timendi]

151 3914 283 3967 tuendir
369 3916 402 3965 14
419 3918 578 3981 tangenti>
664 3916 842 3983 praebentem
862 3930 879 3964 a
897 3922 1075 3981 praecuntem
1093 3920 1158 3982 Dpr
1176 3919 1359 3985 praebentem

152 4001 184 4035 se
204 3983 372 4043 Memmeeaee
442 3986 474 4036 15
494 3985 613 4036 antiocia
633 3990 661 4035 et
679 3986 869 4052 experimento
887 3986 949 4046 npr
1036 3988 1067 4037 16
1086 3987 1204 4038 adnatet
1222 3988 1302 4038 nanti
1320 3987 1361 4037 in·

152 4052 215 4104 silit
233 4058 310 4117 tergo
323 4066 341 4100 a
353 4049 501 4104 adnatanti
519 4053 621 4104 insiliit
638 4057 720 4119 tergo
737 4066 773 4109 1ς
786 4053 934 4103 miseranti
948 4054 1112 4117 (adnotandi
1124 4056 1157 4121 D)
1172 4055 1274 4107 Insiliit
1292 4072 1359 4123 ergo

152 4123 197 4185 Dp
217 4121 378 4171 adnatantis
396 4120 486 4170 insilit
503 4126 582 4187 tergo
600 4122 742 4172 Siciardue
761 4122 878 4172 adnatat
902 4125 1026 4186 natanti,
1050 4123 1142 4175 insilit
1159 4133 1236 4189 tergo
1255 4124 1359 4176 Certiae

223 4190 339 4255 agnosci
357 4204 386 4239 se
406 4192 435 4238 et
451 4191 538 4238 amari
556 4189 684 4254 (adnasci
702 4205 731 4240 se
750 4190 837 4240 umeri
850 4188 877 4253 a)
895 4196 978 4256 putat
997 4196 1073 4243 amat
1090 4193 1150 4258 ipse
1169 4206 1209 4249 ςι
1227 4193 1359 4258 agnoscit

150 4273 183 4310 se
211 4274 245 4310 ex
270 4258 340 4308 mari
367 4261 448 4322 putat
465 4262 541 4307 amat
560 4259 653 4324 ipser
678 4259 827 4324 adgnoscit
853 4273 882 4309 se
902 4274 934 4309 ex
962 4264 1032 4311 inari
1058 4265 1158 4326 putata
1185 4261 1266 4311 mitis
1285 4264 1356 4312 sel)

150 4327 327 4394 agnoscitne
347 4341 380 4378 ex
400 4326 468 4385 mari
487 4330 579 4392 putati
596 4329 697 4379 meatis
715 4342 744 4379 eo
761 4341 778 4391 p
883 4329 914 4378 l'i
933 4335 1031 4380 neuter
1048 4329 1129 4380 timet
1145 4346 1193 4383 om.
1211 4332 1254 4392 Dp
1325 4331 1358 4382 18

152 4392 215 4462 alii]
236 4400 284 4446 aut
302 4398 345 4460 Dp
417 4397 448 4446 19
466 4395 527 4445 ibat
544 4411 601 4447 una
618 4409 677 4452 ιςι
694 4397 736 4447 ita
754 4397 810 4446 ima
828 4397 849 4444 n
868 4412 902 4447 ne
921 4398 1054 4459 timeetp
1124 4400 1157 4449 20
1176 4397 1357 4463 delphinosn

221 4470 380 4530 spectatore
400 4479 491 4516 comes
509 4465 530 4512 1>
625 4467 657 4516 ‘21
676 4461 766 4533 illurn]
785 4464 893 4515 illude
980 4465 1187 4530 reducebatque
1206 4481 1322 4532 puerum
1340 4482 1356 4531 p

150 4531 306 4651 reducqqat
324 4540 356 4586 at
372 4548 488 4602 puerum
506 4547 523 4582 e
643 4536 676 4587 23
695 4529 801 4602 priore]
824 4533 938 4602 propria
954 4547 969 4584 r
1088 4537 1122 4586 21
1143 4536 1172 4586 in
1190 4532 1278 4604 mare]
1298 4537 1355 4587 iam

149 4616 227 4654 mare
273 4616 290 4667 p
