<?xml version="1.0" encoding="UTF-8"?>
<!DOCTYPE html PUBLIC "-//W3C//DTD XHTML 1.0 Transitional//EN"
    "http://www.w3.org/TR/xhtml1/DTD/xhtml1-transitional.dtd">
<html xmlns="http://www.w3.org/1999/xhtml" xml:lang="en" lang="en">
 <head>
  <title>
</title>
<meta http-equiv="Content-Type" content="text/html;charset=utf-8" />
  <meta name='ocr-system' content='tesseract 3.04.00' />
  <meta name='ocr-capabilities' content='ocr_page ocr_carea ocr_par ocr_line ocrx_word'/>
</head>
<body>
  <div class='ocr_page' id='page_1' title='image "./cplinicaecilise00plingoog_0385.png"; bbox 0 0 2934 4966; ppageno 0'>
   <div class='ocr_carea' id='block_1_1' title="bbox 179 286 860 350">
    <p class='ocr_par' dir='ltr' id='par_1_1' title="bbox 179 286 860 350">
     <span class='ocr_line' id='line_1_1' title="bbox 179 286 860 350; baseline 0.003 -11"><span class='ocrx_word' id='word_1_1' title='bbox 179 286 244 350; x_wconf 74' lang='lat'><strong>330</strong></span> <span class='ocrx_word' id='word_1_2' title='bbox 540 298 544 303; x_wconf 88' lang='lat'>&#39;</span> <span class='ocrx_word' id='word_1_3' title='bbox 707 289 739 341; x_wconf 84' lang='grc'><strong>0.</strong></span> <span class='ocrx_word' id='word_1_4' title='bbox 760 291 860 341; x_wconf 74' lang='lat' dir='ltr'><strong>rum</strong></span> 
     </span>
    </p>
   </div>
   <div class='ocr_carea' id='block_1_2' title="bbox 61 447 1417 2594">
    <p class='ocr_par' dir='ltr' id='par_1_2' title="bbox 61 447 1417 2594">
     <span class='ocr_line' id='line_1_2' title="bbox 175 447 1383 538; baseline -0.006 -17"><span class='ocrx_word' id='word_1_5' title='bbox 175 451 424 538; x_wconf 76' lang='lat' dir='ltr'>superbiamque</span> <span class='ocrx_word' id='word_1_6' title='bbox 445 447 640 514; x_wconf 81' lang='lat' dir='ltr'><strong>Parthorum</strong></span> <span class='ocrx_word' id='word_1_7' title='bbox 660 468 701 513; x_wconf 90' lang='lat' dir='ltr'><strong>ex</strong></span> <span class='ocrx_word' id='word_1_8' title='bbox 721 447 870 532; x_wconf 89' lang='lat' dir='ltr'><strong>proximo</strong></span> <span class='ocrx_word' id='word_1_9' title='bbox 890 448 1020 514; x_wconf 91' lang='lat' dir='ltr'><strong>auditus</strong></span> <span class='ocrx_word' id='word_1_10' title='bbox 1040 469 1164 534; x_wconf 81' lang='lat' dir='ltr'><strong>magno</strong></span> <span class='ocrx_word' id='word_1_11' title='bbox 1184 452 1311 514; x_wconf 89' lang='lat' dir='ltr'><strong>terrore</strong></span> <span class='ocrx_word' id='word_1_12' title='bbox 1332 468 1383 513; x_wconf 80' lang='lat' dir='ltr'><strong>co</strong></span> 
     </span>
     <span class='ocr_line' id='line_1_3' title="bbox 179 549 1383 637; baseline -0.003 -16"><span class='ocrx_word' id='word_1_13' title='bbox 179 557 305 621; x_wconf 78' lang='lat' dir='ltr'>hiberes</span> <span class='ocrx_word' id='word_1_14' title='bbox 319 553 534 637; x_wconf 82' lang='lat' dir='ltr'><strong>Rhenumque</strong></span> <span class='ocrx_word' id='word_1_15' title='bbox 545 555 579 616; x_wconf 91' lang='lat' dir='ltr'><strong>et</strong></span> <span class='ocrx_word' id='word_1_16' title='bbox 592 549 783 636; x_wconf 76' lang='lat' dir='ltr'><strong>Euphraten</strong></span> <span class='ocrx_word' id='word_1_17' title='bbox 794 551 1020 618; x_wconf 73' lang='lat' dir='ltr'><strong>admirationis</strong></span> <span class='ocrx_word' id='word_1_18' title='bbox 1040 554 1117 617; x_wconf 89' lang='lat' dir='ltr'><strong>tuae</strong></span> <span class='ocrx_word' id='word_1_19' title='bbox 1127 552 1285 618; x_wconf 84' lang='lat' dir='ltr'><strong>societate</strong></span> <span class='ocrx_word' id='word_1_20' title='bbox 1308 572 1383 617; x_wconf 88' lang='lat' dir='ltr'><strong>cou-</strong></span> 
     </span>
     <span class='ocr_line' id='line_1_4' title="bbox 178 654 1383 744; baseline -0.002 -21"><span class='ocrx_word' id='word_1_21' title='bbox 178 655 353 744; x_wconf 82' lang='lat' dir='ltr'><strong>iuugeres?</strong></span> <span class='ocrx_word' id='word_1_22' title='bbox 384 677 457 720; x_wconf 87' lang='lat' dir='ltr'><strong>cum</strong></span> <span class='ocrx_word' id='word_1_23' title='bbox 489 654 600 720; x_wconf 92' lang='lat' dir='ltr'><strong>orbem</strong></span> <span class='ocrx_word' id='word_1_24' title='bbox 624 657 786 719; x_wconf 89' lang='lat' dir='ltr'><strong>terrarum</strong></span> <span class='ocrx_word' id='word_1_25' title='bbox 806 676 874 720; x_wconf 87' lang='lat' dir='ltr'><strong>non</strong></span> <span class='ocrx_word' id='word_1_26' title='bbox 895 656 1032 741; x_wconf 89' lang='lat' dir='ltr'><strong>pedibus</strong></span> <span class='ocrx_word' id='word_1_27' title='bbox 1054 655 1161 742; x_wconf 81' lang='lat' dir='ltr'><strong>magis</strong></span> <span class='ocrx_word' id='word_1_28' title='bbox 1183 677 1285 740; x_wconf 90' lang='lat' dir='ltr'><strong>quam</strong></span> <span class='ocrx_word' id='word_1_29' title='bbox 1315 655 1383 720; x_wconf 81' lang='lat' dir='ltr'><strong>lau·</strong></span> 
     </span>
     <span class='ocr_line' id='line_1_5' title="bbox 177 757 1383 846; baseline -0.003 -19"><span class='ocrx_word' id='word_1_30' title='bbox 177 762 271 827; x_wconf 90' lang='lat' dir='ltr'><strong>dibus</strong></span> <span class='ocrx_word' id='word_1_31' title='bbox 285 780 492 846; x_wconf 79' lang='lat' dir='ltr'><strong>peragraras,</strong></span> <span class='ocrx_word' id='word_1_32' title='bbox 515 758 599 844; x_wconf 84' lang='lat' dir='ltr'><strong>apud</strong></span> <span class='ocrx_word' id='word_1_33' title='bbox 613 779 668 824; x_wconf 92' lang='lat' dir='ltr'><strong>eos</strong></span> <span class='ocrx_word' id='word_1_34' title='bbox 682 779 809 845; x_wconf 82' lang='lat' dir='ltr'>semper</span> <span class='ocrx_word' id='word_1_35' title='bbox 822 759 926 824; x_wconf 89' lang='lat' dir='ltr'><strong>maior</strong></span> <span class='ocrx_word' id='word_1_36' title='bbox 940 762 974 825; x_wconf 89' lang='lat' dir='ltr'><strong>et</strong></span> <span class='ocrx_word' id='word_1_37' title='bbox 988 758 1120 842; x_wconf 85' lang='lat' dir='ltr'><strong>clarior,</strong></span> <span class='ocrx_word' id='word_1_38' title='bbox 1136 757 1254 843; x_wconf 89' lang='lat' dir='ltr'><strong>quibus</strong></span> <span class='ocrx_word' id='word_1_39' title='bbox 1267 760 1383 844; x_wconf 83' lang='lat' dir='ltr'><strong>postea</strong></span> 
     </span>
     <span class='ocr_line' id='line_1_6' title="bbox 178 861 1404 950; baseline -0.004 -20"><span class='ocrx_word' id='word_1_40' title='bbox 178 862 394 950; x_wconf 81' lang='lat' dir='ltr'><strong>contigisses?</strong></span> <span class='ocrx_word' id='word_1_41' title='bbox 414 865 454 928; x_wconf 91' lang='lat' dir='ltr'><strong>et·</strong></span> <span class='ocrx_word' id='word_1_42' title='bbox 468 861 607 927; x_wconf 85' lang='lat' dir='ltr'><strong>necdum</strong></span> <span class='ocrx_word' id='word_1_43' title='bbox 627 861 821 947; x_wconf 88' lang='lat' dir='ltr'><strong>imperator,</strong></span> <span class='ocrx_word' id='word_1_44' title='bbox 843 862 982 939; x_wconf 83' lang='lat' dir='ltr'><strong>necdum</strong></span> <span class='ocrx_word' id='word_1_45' title='bbox 1004 862 1056 928; x_wconf 88' lang='lat' dir='ltr'><strong>dei</strong></span> <span class='ocrx_word' id='word_1_46' title='bbox 1076 861 1163 927; x_wconf 90' lang='lat' dir='ltr'><strong>filius</strong></span> <span class='ocrx_word' id='word_1_47' title='bbox 1185 881 1268 941; x_wconf 80' lang='lat' dir='ltr'><strong>eras.</strong></span> <span class='ocrx_word' id='word_1_48' title='bbox 1304 861 1404 927; x_wconf 78' lang='lat' dir='ltr'><strong>Ger-s</strong></span> 
     </span>
     <span class='ocr_line' id='line_1_7' title="bbox 177 960 1382 1052; baseline -0.004 -19"><span class='ocrx_word' id='word_1_49' title='bbox 177 968 320 1032; x_wconf 91' lang='lat' dir='ltr'><strong>maniam</strong></span> <span class='ocrx_word' id='word_1_50' title='bbox 345 971 589 1050; x_wconf 70' lang='lat' dir='ltr'><strong>Hispaniamque</strong></span> <span class='ocrx_word' id='word_1_51' title='bbox 616 986 691 1030; x_wconf 91' lang='lat' dir='ltr'><strong>cum</strong></span> <span class='ocrx_word' id='word_1_52' title='bbox 718 965 877 1050; x_wconf 83' lang='lat' dir='ltr'><strong>plurimae</strong></span> <span class='ocrx_word' id='word_1_53' title='bbox 908 969 1026 1052; x_wconf 82' lang='lat' dir='ltr'><strong>gentes</strong></span> <span class='ocrx_word' id='word_1_54' title='bbox 1055 985 1095 1030; x_wconf 91' lang='lat' dir='ltr'><strong>ac</strong></span> <span class='ocrx_word' id='word_1_55' title='bbox 1122 983 1224 1049; x_wconf 80' lang='lat' dir='ltr'><strong>prope</strong></span> <span class='ocrx_word' id='word_1_56' title='bbox 1248 960 1382 1029; x_wconf 87' lang='lat' dir='ltr'><strong>infinita</strong></span> 
     </span>
     <span class='ocr_line' id='line_1_8' title="bbox 61 1064 1382 1154; baseline -0.004 -18"><span class='ocrx_word' id='word_1_57' title='bbox 61 1109 64 1112; x_wconf 38' lang='lat'><strong>⁴</strong></span> <span class='ocrx_word' id='word_1_58' title='bbox 176 1070 314 1136; x_wconf 85' lang='lat' dir='ltr'><strong>vastitas</strong></span> <span class='ocrx_word' id='word_1_59' title='bbox 334 1067 558 1134; x_wconf 83' lang='lat' dir='ltr'><strong>interiacentis</strong></span> <span class='ocrx_word' id='word_1_60' title='bbox 580 1066 642 1131; x_wconf 91' lang='lat' dir='ltr'><strong>soli</strong></span> <span class='ocrx_word' id='word_1_61' title='bbox 662 1069 734 1133; x_wconf 92' lang='lat' dir='ltr'><strong>tum</strong></span> <span class='ocrx_word' id='word_1_62' title='bbox 746 1067 947 1154; x_wconf 81' lang='lat' dir='ltr'><strong>Pyrenaeus,</strong></span> <span class='ocrx_word' id='word_1_63' title='bbox 970 1067 1073 1154; x_wconf 82' lang='lat' dir='ltr'><strong>Alpes</strong></span> <span class='ocrx_word' id='word_1_64' title='bbox 1087 1064 1303 1151; x_wconf 73' lang='lat' dir='ltr'><strong>immensique</strong></span> <span class='ocrx_word' id='word_1_65' title='bbox 1324 1067 1382 1131; x_wconf 87' lang='lat' dir='ltr'><strong>alii</strong></span> 
     </span>
     <span class='ocr_line' id='line_1_9' title="bbox 176 1166 1381 1256; baseline -0.004 -18"><span class='ocrx_word' id='word_1_66' title='bbox 176 1177 319 1256; x_wconf 88' lang='lat' dir='ltr'><strong>montes,</strong></span> <span class='ocrx_word' id='word_1_67' title='bbox 348 1171 413 1236; x_wconf 88' lang='lat' dir='ltr'><strong>nisi</strong></span> <span class='ocrx_word' id='word_1_68' title='bbox 439 1170 490 1234; x_wconf 89' lang='lat' dir='ltr'><strong>his</strong></span> <span class='ocrx_word' id='word_1_69' title='bbox 518 1172 760 1255; x_wconf 87' lang='lat' dir='ltr'><strong>comparentur,</strong></span> <span class='ocrx_word' id='word_1_70' title='bbox 786 1171 940 1236; x_wconf 89' lang='lat' dir='ltr'><strong>muniunt</strong></span> <span class='ocrx_word' id='word_1_71' title='bbox 966 1170 1196 1256; x_wconf 78' lang='lat' dir='ltr'><strong>dirimuntque.</strong></span> <span class='ocrx_word' id='word_1_72' title='bbox 1228 1189 1290 1254; x_wconf 91' lang='lat' dir='ltr'><strong>per</strong></span> <span class='ocrx_word' id='word_1_73' title='bbox 1318 1166 1381 1234; x_wconf 86' lang='lat' dir='ltr'><strong>hoc</strong></span> 
     </span>
     <span class='ocr_line' id='line_1_10' title="bbox 176 1269 1382 1360; baseline -0.002 -20"><span class='ocrx_word' id='word_1_74' title='bbox 176 1297 272 1341; x_wconf 93' lang='lat' dir='ltr'><strong>omne</strong></span> <span class='ocrx_word' id='word_1_75' title='bbox 293 1274 435 1360; x_wconf 82' lang='lat' dir='ltr'><strong>spatium</strong></span> <span class='ocrx_word' id='word_1_76' title='bbox 456 1293 531 1338; x_wconf 92' lang='lat' dir='ltr'><strong>cum</strong></span> <span class='ocrx_word' id='word_1_77' title='bbox 550 1271 696 1357; x_wconf 79' lang='lat' dir='ltr'><strong>legiones</strong></span> <span class='ocrx_word' id='word_1_78' title='bbox 717 1272 851 1340; x_wconf 78' lang='lat' dir='ltr'><strong>duceres</strong></span> <span class='ocrx_word' id='word_1_79' title='bbox 877 1295 934 1339; x_wconf 89' lang='lat' dir='ltr'><strong>seu</strong></span> <span class='ocrx_word' id='word_1_80' title='bbox 955 1274 1064 1360; x_wconf 91' lang='lat' dir='ltr'><strong>potius</strong></span> <span class='ocrx_word' id='word_1_81' title='bbox 1093 1272 1203 1360; x_wconf 87' lang='lat' dir='ltr'><strong>(tanta</strong></span> <span class='ocrx_word' id='word_1_82' title='bbox 1223 1269 1382 1359; x_wconf 76' lang='lat' dir='ltr'><strong>velocitas</strong></span> 
     </span>
     <span class='ocr_line' id='line_1_11' title="bbox 177 1373 1417 1464; baseline -0.002 -21"><span class='ocrx_word' id='word_1_83' title='bbox 177 1378 260 1464; x_wconf 90' lang='lat' dir='ltr'><strong>erat)</strong></span> <span class='ocrx_word' id='word_1_84' title='bbox 282 1397 429 1462; x_wconf 89' lang='lat' dir='ltr'><strong>raperes,</strong></span> <span class='ocrx_word' id='word_1_85' title='bbox 457 1396 525 1440; x_wconf 87' lang='lat' dir='ltr'><strong>non</strong></span> <span class='ocrx_word' id='word_1_86' title='bbox 551 1373 736 1440; x_wconf 76' lang='lat' dir='ltr'><strong>vehiculum</strong></span> <span class='ocrx_word' id='word_1_87' title='bbox 762 1398 931 1463; x_wconf 90' lang='lat' dir='ltr'><strong>umquam,</strong></span> <span class='ocrx_word' id='word_1_88' title='bbox 959 1397 1028 1442; x_wconf 90' lang='lat' dir='ltr'><strong>uon</strong></span> <span class='ocrx_word' id='word_1_89' title='bbox 1056 1397 1174 1463; x_wconf 91' lang='lat' dir='ltr'><strong>equum</strong></span> <span class='ocrx_word' id='word_1_90' title='bbox 1194 1375 1380 1461; x_wconf 82' lang='lat' dir='ltr'><strong>respexisti.</strong></span> <span class='ocrx_word' id='word_1_91' title='bbox 1394 1399 1417 1440; x_wconf 85' lang='lat' dir='ltr'><strong>a</strong></span> 
     </span>
     <span class='ocr_line' id='line_1_12' title="bbox 175 1477 1382 1564; baseline -0.002 -19"><span class='ocrx_word' id='word_1_92' title='bbox 175 1479 254 1545; x_wconf 84' lang='lat' dir='ltr'><strong>levis</strong></span> <span class='ocrx_word' id='word_1_93' title='bbox 274 1479 345 1564; x_wconf 88' lang='lat' dir='ltr'><strong>bic,</strong></span> <span class='ocrx_word' id='word_1_94' title='bbox 368 1500 437 1544; x_wconf 93' lang='lat' dir='ltr'><strong>non</strong></span> <span class='ocrx_word' id='word_1_95' title='bbox 458 1477 636 1542; x_wconf 90' lang='lat' dir='ltr'><strong>subsidium</strong></span> <span class='ocrx_word' id='word_1_96' title='bbox 655 1478 801 1564; x_wconf 89' lang='lat' dir='ltr'><strong>itineris,</strong></span> <span class='ocrx_word' id='word_1_97' title='bbox 822 1479 879 1544; x_wconf 92' lang='lat' dir='ltr'><strong>sed</strong></span> <span class='ocrx_word' id='word_1_98' title='bbox 900 1479 999 1545; x_wconf 87' lang='lat' dir='ltr'><strong>decus</strong></span> <span class='ocrx_word' id='word_1_99' title='bbox 1020 1481 1093 1557; x_wconf 91' lang='lat' dir='ltr'><strong>et†</strong></span> <span class='ocrx_word' id='word_1_100' title='bbox 1114 1499 1188 1544; x_wconf 90' lang='lat' dir='ltr'><strong>cum</strong></span> <span class='ocrx_word' id='word_1_101' title='bbox 1208 1477 1382 1563; x_wconf 89' lang='lat' dir='ltr'><strong>subseque-</strong></span> 
     </span>
     <span class='ocr_line' id='line_1_13' title="bbox 176 1579 1381 1667; baseline -0.002 -19"><span class='ocrx_word' id='word_1_102' title='bbox 176 1585 288 1667; x_wconf 88' lang='lat' dir='ltr'><strong>batur,</strong></span> <span class='ocrx_word' id='word_1_103' title='bbox 315 1587 354 1647; x_wconf 91' lang='lat' dir='ltr'><strong>ut</strong></span> <span class='ocrx_word' id='word_1_104' title='bbox 384 1581 476 1648; x_wconf 88' lang='lat' dir='ltr'><strong>cuius</strong></span> <span class='ocrx_word' id='word_1_105' title='bbox 502 1579 612 1646; x_wconf 88' lang='lat' dir='ltr'><strong>nullus</strong></span> <span class='ocrx_word' id='word_1_106' title='bbox 631 1581 695 1647; x_wconf 92' lang='lat' dir='ltr'><strong>tibi</strong></span> <span class='ocrx_word' id='word_1_107' title='bbox 715 1603 810 1667; x_wconf 88' lang='lat' dir='ltr'><strong>usus,</strong></span> <span class='ocrx_word' id='word_1_108' title='bbox 836 1582 903 1648; x_wconf 88' lang='lat' dir='ltr'><strong>nisi</strong></span> <span class='ocrx_word' id='word_1_109' title='bbox 924 1604 998 1649; x_wconf 87' lang='lat' dir='ltr'><strong>cum</strong></span> <span class='ocrx_word' id='word_1_110' title='bbox 1020 1581 1072 1647; x_wconf 91' lang='lat' dir='ltr'><strong>die</strong></span> <span class='ocrx_word' id='word_1_111' title='bbox 1093 1582 1286 1656; x_wconf 81' lang='lat' dir='ltr'><strong>stativorum</strong></span> <span class='ocrx_word' id='word_1_112' title='bbox 1305 1601 1381 1666; x_wconf 90' lang='lat' dir='ltr'><strong>pro-</strong></span> 
     </span>
     <span class='ocr_line' id='line_1_14' title="bbox 174 1683 1381 1770; baseline -0.001 -19"><span class='ocrx_word' id='word_1_113' title='bbox 174 1686 297 1751; x_wconf 84' lang='lat' dir='ltr'><strong>ximum</strong></span> <span class='ocrx_word' id='word_1_114' title='bbox 326 1706 476 1770; x_wconf 89' lang='lat' dir='ltr'><strong>campum</strong></span> <span class='ocrx_word' id='word_1_115' title='bbox 502 1683 672 1750; x_wconf 81' lang='lat' dir='ltr'><strong>alacritate</strong></span> <span class='ocrx_word' id='word_1_116' title='bbox 698 1684 845 1751; x_wconf 86' lang='lat' dir='ltr'><strong>discursu</strong></span> <span class='ocrx_word' id='word_1_117' title='bbox 873 1685 1004 1770; x_wconf 77' lang='lat' dir='ltr'><strong>pulvere</strong></span> <span class='ocrx_word' id='word_1_118' title='bbox 1031 1683 1208 1750; x_wconf 87' lang='lat' dir='ltr'><strong>attolleres.</strong></span> <span class='ocrx_word' id='word_1_119' title='bbox 1248 1683 1381 1750; x_wconf 89' lang='lat' dir='ltr'><strong>initium</strong></span> 
     </span>
     <span class='ocr_line' id='line_1_15' title="bbox 176 1785 1381 1874; baseline -0.001 -21"><span class='ocrx_word' id='word_1_120' title='bbox 176 1786 297 1853; x_wconf 89' lang='lat' dir='ltr'><strong>laboris</strong></span> <span class='ocrx_word' id='word_1_121' title='bbox 308 1788 407 1854; x_wconf 90' lang='lat' dir='ltr'><strong>mirer</strong></span> <span class='ocrx_word' id='word_1_122' title='bbox 421 1810 466 1853; x_wconf 90' lang='lat' dir='ltr'><strong>an</strong></span> <span class='ocrx_word' id='word_1_123' title='bbox 479 1785 603 1852; x_wconf 82' lang='lat' dir='ltr'><strong>finem?</strong></span> <span class='ocrx_word' id='word_1_124' title='bbox 623 1787 760 1852; x_wconf 90' lang='lat' dir='ltr'><strong>multum</strong></span> <span class='ocrx_word' id='word_1_125' title='bbox 775 1791 825 1854; x_wconf 86' lang='lat' dir='ltr'><strong>est</strong></span> <span class='ocrx_word' id='word_1_126' title='bbox 840 1787 923 1874; x_wconf 89' lang='lat' dir='ltr'><strong>quod</strong></span> <span class='ocrx_word' id='word_1_127' title='bbox 937 1787 1163 1874; x_wconf 70' lang='lat' dir='ltr'><strong>perseverasti,</strong></span> <span class='ocrx_word' id='word_1_128' title='bbox 1178 1785 1254 1872; x_wconf 89' lang='lat' dir='ltr'><strong>plus</strong></span> <span class='ocrx_word' id='word_1_129' title='bbox 1267 1788 1381 1852; x_wconf 91' lang='lat' dir='ltr'><strong>tamen</strong></span> 
     </span>
     <span class='ocr_line' id='line_1_16' title="bbox 175 1889 1414 1976; baseline -0.001 -21"><span class='ocrx_word' id='word_1_130' title='bbox 175 1891 260 1976; x_wconf 92' lang='lat' dir='ltr'><strong>quod</strong></span> <span class='ocrx_word' id='word_1_131' title='bbox 281 1911 348 1955; x_wconf 87' lang='lat' dir='ltr'><strong>non</strong></span> <span class='ocrx_word' id='word_1_132' title='bbox 368 1889 508 1955; x_wconf 88' lang='lat' dir='ltr'><strong>timuisti</strong></span> <span class='ocrx_word' id='word_1_133' title='bbox 528 1911 572 1955; x_wconf 91' lang='lat' dir='ltr'><strong>ne</strong></span> <span class='ocrx_word' id='word_1_134' title='bbox 593 1911 799 1975; x_wconf 83' lang='lat' dir='ltr'><strong>perseverare</strong></span> <span class='ocrx_word' id='word_1_135' title='bbox 824 1912 890 1956; x_wconf 88' lang='lat' dir='ltr'><strong>non</strong></span> <span class='ocrx_word' id='word_1_136' title='bbox 912 1890 1044 1976; x_wconf 66' lang='lat' dir='ltr'><strong>posses?</strong></span> <span class='ocrx_word' id='word_1_137' title='bbox 1074 1910 1137 1955; x_wconf 89' lang='lat' dir='ltr'><strong>nec</strong></span> <span class='ocrx_word' id='word_1_138' title='bbox 1158 1889 1273 1955; x_wconf 88' lang='lat' dir='ltr'><strong>dubito</strong></span> <span class='ocrx_word' id='word_1_139' title='bbox 1298 1891 1380 1976; x_wconf 92' lang='lat' dir='ltr'><strong>quin</strong></span> <span class='ocrx_word' id='word_1_140' title='bbox 1392 1913 1414 1954; x_wconf 86' lang='lat' dir='ltr'><strong>a</strong></span> 
     </span>
     <span class='ocr_line' id='line_1_17' title="bbox 174 1991 1379 2078; baseline 0.002 -21"><span class='ocrx_word' id='word_1_141' title='bbox 174 1993 230 2058; x_wconf 90' lang='lat' dir='ltr'><strong>ille</strong></span> <span class='ocrx_word' id='word_1_142' title='bbox 251 1993 308 2078; x_wconf 91' lang='lat' dir='ltr'><strong>qui</strong></span> <span class='ocrx_word' id='word_1_143' title='bbox 329 1995 363 2058; x_wconf 90' lang='lat' dir='ltr'><strong>te</strong></span> <span class='ocrx_word' id='word_1_144' title='bbox 383 1993 471 2058; x_wconf 90' lang='lat' dir='ltr'><strong>inter</strong></span> <span class='ocrx_word' id='word_1_145' title='bbox 491 1992 550 2058; x_wconf 90' lang='lat' dir='ltr'><strong>illa</strong></span> <span class='ocrx_word' id='word_1_146' title='bbox 571 1992 766 2059; x_wconf 86' lang='lat' dir='ltr'><strong>Germaniae</strong></span> <span class='ocrx_word' id='word_1_147' title='bbox 787 1991 873 2058; x_wconf 85' lang='lat' dir='ltr'><strong>bella</strong></span> <span class='ocrx_word' id='word_1_148' title='bbox 894 1992 938 2058; x_wconf 92' lang='lat' dir='ltr'><strong>ab</strong></span> <span class='ocrx_word' id='word_1_149' title='bbox 958 1991 1122 2078; x_wconf 88' lang='lat' dir='ltr'><strong>Hispania</strong></span> <span class='ocrx_word' id='word_1_150' title='bbox 1142 2013 1245 2078; x_wconf 87' lang='lat' dir='ltr'><strong>nsque</strong></span> <span class='ocrx_word' id='word_1_151' title='bbox 1265 1996 1305 2058; x_wconf 90' lang='lat' dir='ltr'><strong>ut</strong></span> <span class='ocrx_word' id='word_1_152' title='bbox 1325 2014 1379 2059; x_wconf 81' lang='lat' dir='ltr'><strong>ua·</strong></span> 
     </span>
     <span class='ocr_line' id='line_1_18' title="bbox 174 2095 1379 2182; baseline 0.002 -22"><span class='ocrx_word' id='word_1_153' title='bbox 174 2095 366 2160; x_wconf 88' lang='lat' dir='ltr'><strong>lidissimnm</strong></span> <span class='ocrx_word' id='word_1_154' title='bbox 387 2095 583 2181; x_wconf 88' lang='lat' dir='ltr'><strong>praesidinm</strong></span> <span class='ocrx_word' id='word_1_155' title='bbox 605 2096 785 2181; x_wconf 77' lang='lat' dir='ltr'><strong>exciverat,</strong></span> <span class='ocrx_word' id='word_1_156' title='bbox 806 2096 896 2161; x_wconf 89' lang='lat' dir='ltr'><strong>iners</strong></span> <span class='ocrx_word' id='word_1_157' title='bbox 916 2096 988 2182; x_wconf 89' lang='lat' dir='ltr'><strong>ipse</strong></span> <span class='ocrx_word' id='word_1_158' title='bbox 1002 2095 1180 2182; x_wconf 88' lang='lat' dir='ltr'><strong>alienisque</strong></span> <span class='ocrx_word' id='word_1_159' title='bbox 1201 2095 1379 2162; x_wconf 83' lang='lat' dir='ltr'><strong>virtutibus</strong></span> 
     </span>
     <span class='ocr_line' id='line_1_19' title="bbox 173 2196 1377 2285; baseline 0.001 -21"><span class='ocrx_word' id='word_1_160' title='bbox 173 2202 254 2264; x_wconf 89' lang='lat' dir='ltr'><strong>tunc</strong></span> <span class='ocrx_word' id='word_1_161' title='bbox 275 2218 401 2284; x_wconf 90' lang='lat' dir='ltr'><strong>quoque</strong></span> <span class='ocrx_word' id='word_1_162' title='bbox 422 2196 551 2262; x_wconf 82' lang='lat' dir='ltr'><strong>invidus</strong></span> <span class='ocrx_word' id='word_1_163' title='bbox 572 2197 765 2284; x_wconf 83' lang='lat' dir='ltr'><strong>imperator,</strong></span> <span class='ocrx_word' id='word_1_164' title='bbox 788 2219 862 2264; x_wconf 88' lang='lat' dir='ltr'><strong>cum</strong></span> <span class='ocrx_word' id='word_1_165' title='bbox 883 2219 945 2284; x_wconf 90' lang='lat' dir='ltr'><strong>ope</strong></span> <span class='ocrx_word' id='word_1_166' title='bbox 966 2220 1078 2265; x_wconf 91' lang='lat' dir='ltr'><strong>earum</strong></span> <span class='ocrx_word' id='word_1_167' title='bbox 1098 2198 1281 2285; x_wconf 79' lang='lat' dir='ltr'><strong>indigeret,</strong></span> <span class='ocrx_word' id='word_1_168' title='bbox 1303 2202 1377 2265; x_wconf 89' lang='lat' dir='ltr'><strong>tan·</strong></span> 
     </span>
     <span class='ocr_line' id='line_1_20' title="bbox 173 2297 1378 2387; baseline 0.001 -21"><span class='ocrx_word' id='word_1_169' title='bbox 173 2304 242 2366; x_wconf 93' lang='lat' dir='ltr'><strong>tam</strong></span> <span class='ocrx_word' id='word_1_170' title='bbox 256 2299 503 2366; x_wconf 86' lang='lat' dir='ltr'><strong>admirationem</strong></span> <span class='ocrx_word' id='word_1_171' title='bbox 523 2301 573 2365; x_wconf 91' lang='lat' dir='ltr'><strong>tui</strong></span> <span class='ocrx_word' id='word_1_172' title='bbox 593 2321 662 2367; x_wconf 91' lang='lat' dir='ltr'><strong>uon</strong></span> <span class='ocrx_word' id='word_1_173' title='bbox 682 2300 753 2366; x_wconf 90' lang='lat' dir='ltr'><strong>sine</strong></span> <span class='ocrx_word' id='word_1_174' title='bbox 770 2300 910 2387; x_wconf 90' lang='lat' dir='ltr'><strong>quodam</strong></span> <span class='ocrx_word' id='word_1_175' title='bbox 922 2301 1040 2367; x_wconf 90' lang='lat' dir='ltr'><strong>timore</strong></span> <span class='ocrx_word' id='word_1_176' title='bbox 1050 2297 1254 2387; x_wconf 81' lang='lat' dir='ltr'><strong>conceperit,</strong></span> <span class='ocrx_word' id='word_1_177' title='bbox 1276 2323 1378 2387; x_wconf 90' lang='lat' dir='ltr'><strong>quan·</strong></span> 
     </span>
     <span class='ocr_line' id='line_1_21' title="bbox 173 2401 1409 2491; baseline 0 -24"><span class='ocrx_word' id='word_1_178' title='bbox 173 2405 242 2467; x_wconf 83' lang='lat' dir='ltr'><strong>tam</strong></span> <span class='ocrx_word' id='word_1_179' title='bbox 263 2401 319 2469; x_wconf 91' lang='lat' dir='ltr'><strong>ille</strong></span> <span class='ocrx_word' id='word_1_180' title='bbox 340 2403 471 2489; x_wconf 79' lang='lat' dir='ltr'><strong>genitus</strong></span> <span class='ocrx_word' id='word_1_181' title='bbox 492 2401 568 2468; x_wconf 79' lang='lat' dir='ltr'><strong>Iove</strong></span> <span class='ocrx_word' id='word_1_182' title='bbox 588 2406 664 2488; x_wconf 87' lang='lat' dir='ltr'><strong>post</strong></span> <span class='ocrx_word' id='word_1_183' title='bbox 684 2423 797 2468; x_wconf 89' lang='lat' dir='ltr'><strong>saevos</strong></span> <span class='ocrx_word' id='word_1_184' title='bbox 825 2403 953 2468; x_wconf 91' lang='lat' dir='ltr'><strong>labores</strong></span> <span class='ocrx_word' id='word_1_185' title='bbox 974 2404 1117 2489; x_wconf 93' lang='lat' dir='ltr'><strong>duraque</strong></span> <span class='ocrx_word' id='word_1_186' title='bbox 1138 2403 1277 2490; x_wconf 90' lang='lat' dir='ltr'><strong>imperia</strong></span> <span class='ocrx_word' id='word_1_187' title='bbox 1307 2404 1409 2491; x_wconf 84' lang='lat' dir='ltr'><strong>regia</strong></span> 
     </span>
     <span class='ocr_line' id='line_1_22' title="bbox 173 2505 1378 2594; baseline 0.002 -24"><span class='ocrx_word' id='word_1_188' title='bbox 173 2527 231 2570; x_wconf 91' lang='lat' dir='ltr'><strong>suo</strong></span> <span class='ocrx_word' id='word_1_189' title='bbox 252 2505 429 2571; x_wconf 89' lang='lat' dir='ltr'><strong>indomitus</strong></span> <span class='ocrx_word' id='word_1_190' title='bbox 451 2526 578 2591; x_wconf 90' lang='lat' dir='ltr'><strong>semper</strong></span> <span class='ocrx_word' id='word_1_191' title='bbox 598 2505 841 2591; x_wconf 85' lang='lat' dir='ltr'><strong>indefessusque</strong></span> <span class='ocrx_word' id='word_1_192' title='bbox 868 2505 1047 2592; x_wconf 85' lang='lat' dir='ltr'><strong>referebat,</strong></span> <span class='ocrx_word' id='word_1_193' title='bbox 1079 2528 1153 2573; x_wconf 91' lang='lat' dir='ltr'><strong>cum</strong></span> <span class='ocrx_word' id='word_1_194' title='bbox 1179 2505 1253 2572; x_wconf 85' lang='lat' dir='ltr'><strong>aliis</strong></span> <span class='ocrx_word' id='word_1_195' title='bbox 1279 2528 1378 2594; x_wconf 89' lang='lat' dir='ltr'><strong>super</strong></span> 
     </span>
    </p>
   </div>
   <div class='ocr_carea' id='block_1_3' title="bbox 124 2607 1406 3212">
    <p class='ocr_par' dir='ltr' id='par_1_3' title="bbox 124 2607 1406 3212">
     <span class='ocr_line' id='line_1_23' title="bbox 124 2607 1376 2695; baseline -0.001 -19"><span class='ocrx_word' id='word_1_196' title='bbox 124 2612 165 2678; x_wconf 86' lang='lat'><strong>15</strong></span> <span class='ocrx_word' id='word_1_197' title='bbox 174 2607 255 2672; x_wconf 87' lang='lat' dir='ltr'><strong>alias</strong></span> <span class='ocrx_word' id='word_1_198' title='bbox 269 2608 528 2694; x_wconf 84' lang='lat' dir='ltr'><strong>expeditionibus</strong></span> <span class='ocrx_word' id='word_1_199' title='bbox 549 2607 667 2674; x_wconf 91' lang='lat' dir='ltr'><strong>itinere</strong></span> <span class='ocrx_word' id='word_1_200' title='bbox 687 2608 744 2674; x_wconf 92' lang='lat' dir='ltr'><strong>illo</strong></span> <span class='ocrx_word' id='word_1_201' title='bbox 759 2609 878 2695; x_wconf 80' lang='lat' dir='ltr'><strong>dignus</strong></span> <span class='ocrx_word' id='word_1_202' title='bbox 898 2609 1101 2675; x_wconf 85' lang='lat' dir='ltr'><strong>invenireris.</strong></span> <span class='ocrx_word' id='word_1_203' title='bbox 1134 2609 1286 2675; x_wconf 87' lang='lat' dir='ltr'><strong>tribunus</strong></span> <span class='ocrx_word' id='word_1_204' title='bbox 1301 2631 1376 2676; x_wconf 81' lang='lat' dir='ltr'><strong>vero</strong></span> 
     </span>
     <span class='ocr_line' id='line_1_24' title="bbox 173 2709 1374 2798; baseline 0.003 -23"><span class='ocrx_word' id='word_1_205' title='bbox 173 2709 442 2776; x_wconf 88' lang='lat' dir='ltr'><strong>disiunctissimas</strong></span> <span class='ocrx_word' id='word_1_206' title='bbox 464 2714 567 2776; x_wconf 90' lang='lat' dir='ltr'><strong>terras</strong></span> <span class='ocrx_word' id='word_1_207' title='bbox 584 2711 707 2776; x_wconf 90' lang='lat' dir='ltr'><strong>teneris</strong></span> <span class='ocrx_word' id='word_1_208' title='bbox 729 2710 833 2776; x_wconf 91' lang='lat' dir='ltr'><strong>adhuc</strong></span> <span class='ocrx_word' id='word_1_209' title='bbox 848 2712 944 2777; x_wconf 91' lang='lat' dir='ltr'><strong>anuis</strong></span> <span class='ocrx_word' id='word_1_210' title='bbox 959 2713 1019 2777; x_wconf 82' lang='lat' dir='ltr'><strong>riri</strong></span> <span class='ocrx_word' id='word_1_211' title='bbox 1040 2713 1194 2778; x_wconf 81' lang='lat' dir='ltr'><strong>firmitate</strong></span> <span class='ocrx_word' id='word_1_212' title='bbox 1215 2712 1374 2798; x_wconf 81' lang='lat' dir='ltr'><strong>lustrasti,</strong></span> 
     </span>
     <span class='ocr_line' id='line_1_25' title="bbox 172 2813 1373 2902; baseline 0.003 -24"><span class='ocrx_word' id='word_1_213' title='bbox 172 2813 239 2878; x_wconf 90' lang='lat' dir='ltr'><strong>iam</strong></span> <span class='ocrx_word' id='word_1_214' title='bbox 258 2817 339 2880; x_wconf 90' lang='lat' dir='ltr'><strong>tunc</strong></span> <span class='ocrx_word' id='word_1_215' title='bbox 353 2818 584 2900; x_wconf 90' lang='lat' dir='ltr'><strong>praemonente</strong></span> <span class='ocrx_word' id='word_1_216' title='bbox 605 2813 738 2880; x_wconf 87' lang='lat' dir='ltr'><strong>fortuna</strong></span> <span class='ocrx_word' id='word_1_217' title='bbox 752 2818 789 2879; x_wconf 93' lang='lat' dir='ltr'><strong>ut</strong></span> <span class='ocrx_word' id='word_1_218' title='bbox 802 2813 859 2879; x_wconf 89' lang='lat' dir='ltr'><strong>diu</strong></span> <span class='ocrx_word' id='word_1_219' title='bbox 872 2815 1065 2901; x_wconf 89' lang='lat' dir='ltr'><strong>penitusque</strong></span> <span class='ocrx_word' id='word_1_220' title='bbox 1079 2815 1279 2901; x_wconf 89' lang='lat' dir='ltr'><strong>perdisceres</strong></span> <span class='ocrx_word' id='word_1_221' title='bbox 1294 2838 1373 2902; x_wconf 90' lang='lat' dir='ltr'><strong>quae</strong></span> 
     </span>
     <span class='ocr_line' id='line_1_26' title="bbox 172 2917 1406 3005; baseline 0.002 -25"><span class='ocrx_word' id='word_1_222' title='bbox 172 2937 247 2981; x_wconf 88' lang='lat' dir='ltr'><strong>mox</strong></span> <span class='ocrx_word' id='word_1_223' title='bbox 268 2917 454 3003; x_wconf 90' lang='lat' dir='ltr'><strong>praecipere</strong></span> <span class='ocrx_word' id='word_1_224' title='bbox 477 2917 619 2982; x_wconf 86' lang='lat' dir='ltr'><strong>deberes.</strong></span> <span class='ocrx_word' id='word_1_225' title='bbox 653 2939 756 3002; x_wconf 90' lang='lat' dir='ltr'><strong>neque</strong></span> <span class='ocrx_word' id='word_1_226' title='bbox 777 2918 864 2982; x_wconf 91' lang='lat' dir='ltr'><strong>enim</strong></span> <span class='ocrx_word' id='word_1_227' title='bbox 878 2919 1080 3005; x_wconf 86' lang='lat' dir='ltr'><strong>prospexisse</strong></span> <span class='ocrx_word' id='word_1_228' title='bbox 1103 2923 1210 2985; x_wconf 79' lang='lat' dir='ltr'><strong>castm</strong></span> <span class='ocrx_word' id='word_1_229' title='bbox 1231 2918 1406 2987; x_wconf 80' lang='lat' dir='ltr'><strong>brevem-s</strong></span> 
     </span>
     <span class='ocr_line' id='line_1_27' title="bbox 172 3019 1374 3108; baseline 0.003 -24"><span class='ocrx_word' id='word_1_230' title='bbox 172 3041 235 3103; x_wconf 92' lang='lat' dir='ltr'><strong>que</strong></span> <span class='ocrx_word' id='word_1_231' title='bbox 255 3019 406 3086; x_wconf 88' lang='lat' dir='ltr'><strong>militiam</strong></span> <span class='ocrx_word' id='word_1_232' title='bbox 427 3021 520 3106; x_wconf 88' lang='lat' dir='ltr'><strong>qnasi</strong></span> <span class='ocrx_word' id='word_1_233' title='bbox 542 3020 724 3086; x_wconf 89' lang='lat' dir='ltr'><strong>transilisse</strong></span> <span class='ocrx_word' id='word_1_234' title='bbox 746 3022 918 3086; x_wconf 88' lang='lat' dir='ltr'><strong>contentus</strong></span> <span class='ocrx_word' id='word_1_235' title='bbox 940 3022 987 3086; x_wconf 89' lang='lat' dir='ltr'><strong>ita</strong></span> <span class='ocrx_word' id='word_1_236' title='bbox 1009 3022 1107 3108; x_wconf 79' lang='lat' dir='ltr'><strong>egisti</strong></span> <span class='ocrx_word' id='word_1_237' title='bbox 1127 3023 1316 3108; x_wconf 91' lang='lat' dir='ltr'><strong>tribunum,</strong></span> <span class='ocrx_word' id='word_1_238' title='bbox 1339 3026 1374 3088; x_wconf 92' lang='lat' dir='ltr'><strong>ut</strong></span> 
     </span>
     <span class='ocr_line' id='line_1_28' title="bbox 173 3122 1374 3212; baseline 0.003 -24"><span class='ocrx_word' id='word_1_239' title='bbox 173 3122 237 3188; x_wconf 85' lang='lat' dir='ltr'><strong>dux</strong></span> <span class='ocrx_word' id='word_1_240' title='bbox 258 3144 328 3189; x_wconf 91' lang='lat' dir='ltr'><strong>esse</strong></span> <span class='ocrx_word' id='word_1_241' title='bbox 349 3124 461 3189; x_wconf 90' lang='lat' dir='ltr'><strong>statim</strong></span> <span class='ocrx_word' id='word_1_242' title='bbox 482 3123 593 3209; x_wconf 87' lang='lat' dir='ltr'><strong>posses</strong></span> <span class='ocrx_word' id='word_1_243' title='bbox 614 3122 760 3210; x_wconf 89' lang='lat' dir='ltr'><strong>nihilque</strong></span> <span class='ocrx_word' id='word_1_244' title='bbox 781 3123 970 3189; x_wconf 88' lang='lat' dir='ltr'><strong>discendum</strong></span> <span class='ocrx_word' id='word_1_245' title='bbox 996 3124 1132 3191; x_wconf 87' lang='lat' dir='ltr'><strong>haberes</strong></span> <span class='ocrx_word' id='word_1_246' title='bbox 1153 3128 1301 3212; x_wconf 90' lang='lat' dir='ltr'><strong>tempore</strong></span> <span class='ocrx_word' id='word_1_247' title='bbox 1323 3126 1374 3192; x_wconf 85' lang='lat' dir='ltr'><strong>do</strong></span> 
     </span>
    </p>
   </div>
   <div class='ocr_carea' id='block_1_4' title="bbox 85 3360 1375 4671">
    <p class='ocr_par' dir='ltr' id='par_1_4' title="bbox 171 3360 1374 3644">
     <span class='ocr_line' id='line_1_29' title="bbox 242 3360 1373 3437; baseline 0.008 -23"><span class='ocrx_word' id='word_1_248' title='bbox 242 3367 255 3415; x_wconf 84' lang='lat'>1</span> <span class='ocrx_word' id='word_1_249' title='bbox 274 3360 453 3433; x_wconf 87' lang='lat' dir='ltr'><strong>Parthorum]</strong></span> <span class='ocrx_word' id='word_1_250' title='bbox 473 3365 653 3418; x_wconf 90' lang='lat' dir='ltr'><strong>barbarorum</strong></span> <span class='ocrx_word' id='word_1_251' title='bbox 670 3365 845 3429; x_wconf 56' lang='lat' dir='ltr'><strong>Sodamus,</strong></span> <span class='ocrx_word' id='word_1_252' title='bbox 869 3370 914 3434; x_wconf 84' lang='lat' dir='ltr'><strong>qai</strong></span> <span class='ocrx_word' id='word_1_253' title='bbox 930 3375 990 3419; x_wconf 83' lang='lat' dir='ltr'><strong>ante</strong></span> <span class='ocrx_word' id='word_1_254' title='bbox 1007 3383 1162 3434; x_wconf 88' lang='lat' dir='ltr'><strong>nomenque</strong></span> <span class='ocrx_word' id='word_1_255' title='bbox 1181 3372 1309 3437; x_wconf 77' lang='lat' dir='ltr'><strong>quaedam</strong></span> <span class='ocrx_word' id='word_1_256' title='bbox 1325 3387 1373 3423; x_wconf 75' lang='lat' dir='ltr'><strong>ea·</strong></span> 
     </span>
     <span class='ocr_line' id='line_1_30' title="bbox 171 3434 1374 3502; baseline 0.006 -18"><span class='ocrx_word' id='word_1_257' title='bbox 171 3434 266 3485; x_wconf 78' lang='lat' dir='ltr'><strong>cidim</strong></span> <span class='ocrx_word' id='word_1_258' title='bbox 283 3435 408 3493; x_wconf 61' lang='lat' dir='ltr'><strong>comedi,</strong></span> <span class='ocrx_word' id='word_1_259' title='bbox 430 3434 520 3501; x_wconf 70' lang='lat' dir='ltr'><strong>quitata</strong></span> <span class='ocrx_word' id='word_1_260' title='bbox 535 3440 684 3502; x_wconf 78' lang='lat' dir='ltr'><strong>pennanica</strong></span> <span class='ocrx_word' id='word_1_261' title='bbox 700 3437 809 3488; x_wconf 81' lang='lat' dir='ltr'><strong>victoria</strong></span> <span class='ocrx_word' id='word_1_262' title='bbox 829 3437 938 3488; x_wconf 60' lang='lat' dir='ltr'><strong>lineri</strong></span> <span class='ocrx_word' id='word_1_263' title='bbox 958 3440 1074 3489; x_wconf 81' lang='lat' dir='ltr'><strong>indicata</strong></span> <span class='ocrx_word' id='word_1_264' title='bbox 1092 3445 1161 3489; x_wconf 81' lang='lat' dir='ltr'><strong>esset</strong></span> <span class='ocrx_word' id='word_1_265' title='bbox 1246 3441 1263 3490; x_wconf 88' lang='grc'>2</span> <span class='ocrx_word' id='word_1_266' title='bbox 1283 3441 1374 3491; x_wconf 79' lang='lat' dir='ltr'><strong>eufra-</strong></span> 
     </span>
     <span class='ocr_line' id='line_1_31' title="bbox 172 3501 1374 3574; baseline 0.006 -22"><span class='ocrx_word' id='word_1_267' title='bbox 172 3508 229 3553; x_wconf 89' lang='lat' dir='ltr'><strong>tem</strong></span> <span class='ocrx_word' id='word_1_268' title='bbox 245 3503 335 3553; x_wconf 84' lang='lat' dir='ltr'><strong>ABcd</strong></span> <span class='ocrx_word' id='word_1_269' title='bbox 421 3501 571 3570; x_wconf 89' lang='lat' dir='ltr'><strong>societate]</strong></span> <span class='ocrx_word' id='word_1_270' title='bbox 596 3505 673 3556; x_wconf 81' lang='lat' dir='ltr'><strong>tama</strong></span> <span class='ocrx_word' id='word_1_271' title='bbox 690 3507 749 3558; x_wconf 83' lang='lat' dir='ltr'><strong>cod.</strong></span> <span class='ocrx_word' id='word_1_272' title='bbox 768 3505 913 3561; x_wconf 54' lang='lat' dir='ltr'><strong>alteritate</strong></span> <span class='ocrx_word' id='word_1_273' title='bbox 998 3505 1110 3572; x_wconf 78' lang='lat' dir='ltr'><strong>4apnd</strong></span> <span class='ocrx_word' id='word_1_274' title='bbox 1126 3507 1191 3560; x_wconf 86' lang='lat' dir='ltr'><strong>deos</strong></span> <span class='ocrx_word' id='word_1_275' title='bbox 1209 3524 1281 3562; x_wconf 73' lang='lat' dir='ltr'><strong>corr.</strong></span> <span class='ocrx_word' id='word_1_276' title='bbox 1300 3508 1374 3574; x_wconf 87' lang='lat' dir='ltr'><strong>apud</strong></span> 
     </span>
     <span class='ocr_line' id='line_1_32' title="bbox 172 3572 1373 3644; baseline 0.006 -22"><span class='ocrx_word' id='word_1_277' title='bbox 172 3572 255 3622; x_wconf 88' lang='lat' dir='ltr'><strong>eosb</strong></span> <span class='ocrx_word' id='word_1_278' title='bbox 332 3572 448 3636; x_wconf 73' lang='lat' dir='ltr'><strong>[ortam</strong></span> <span class='ocrx_word' id='word_1_279' title='bbox 466 3572 567 3638; x_wconf 90' lang='lat' dir='ltr'><strong>quibus</strong></span> <span class='ocrx_word' id='word_1_280' title='bbox 585 3575 722 3640; x_wconf 87' lang='lat' dir='ltr'><strong>posterior</strong></span> <span class='ocrx_word' id='word_1_281' title='bbox 740 3575 909 3639; x_wconf 84' lang='lat' dir='ltr'><strong>contigisses</strong></span> <span class='ocrx_word' id='word_1_282' title='bbox 995 3577 1082 3626; x_wconf 75' lang='lat' dir='ltr'><strong>inec</strong></span> <span class='ocrx_word' id='word_1_283' title='bbox 1099 3575 1180 3628; x_wconf 88' lang='lat' dir='ltr'><strong>deib</strong></span> <span class='ocrx_word' id='word_1_284' title='bbox 1267 3593 1373 3644; x_wconf 80' lang='lat' dir='ltr'><strong>germa-</strong></span> 
     </span>
    </p>

    <p class='ocr_par' dir='ltr' id='par_1_5' title="bbox 85 3641 1375 4053">
     <span class='ocr_line' id='line_1_33' title="bbox 85 3641 1372 3711; baseline 0.006 -21"><span class='ocrx_word' id='word_1_285' title='bbox 85 3644 89 3649; x_wconf 84' lang='lat'>&#39;</span> <span class='ocrx_word' id='word_1_286' title='bbox 171 3641 302 3706; x_wconf 86' lang='lat' dir='ltr'><strong>uiamque</strong></span> <span class='ocrx_word' id='word_1_287' title='bbox 320 3657 381 3692; x_wconf 88' lang='lat' dir='ltr'><strong>cnm</strong></span> <span class='ocrx_word' id='word_1_288' title='bbox 398 3642 489 3691; x_wconf 76' lang='lat' dir='ltr'><strong>Anca</strong></span> <span class='ocrx_word' id='word_1_289' title='bbox 515 3658 733 3710; x_wconf 84' lang='lat' dir='ltr'><strong>germanumque</strong></span> <span class='ocrx_word' id='word_1_290' title='bbox 756 3658 817 3694; x_wconf 89' lang='lat' dir='ltr'><strong>oum</strong></span> <span class='ocrx_word' id='word_1_291' title='bbox 835 3659 852 3692; x_wconf 84' lang='lat' dir='ltr'><strong>a</strong></span> <span class='ocrx_word' id='word_1_292' title='bbox 878 3643 1104 3711; x_wconf 82' lang='lat' dir='ltr'><strong>germaniamque</strong></span> <span class='ocrx_word' id='word_1_293' title='bbox 1127 3660 1210 3711; x_wconf 91' lang='lat' dir='ltr'><strong>quam</strong></span> <span class='ocrx_word' id='word_1_294' title='bbox 1233 3661 1297 3697; x_wconf 88' lang='lat' dir='ltr'><strong>cum</strong></span> <span class='ocrx_word' id='word_1_295' title='bbox 1313 3647 1372 3698; x_wconf 75' lang='lat' dir='ltr'><strong>eod</strong></span> 
     </span>
     <span class='ocr_line' id='line_1_34' title="bbox 171 3709 1374 3780; baseline 0.005 -21"><span class='ocrx_word' id='word_1_296' title='bbox 171 3709 279 3760; x_wconf 84' lang='lat' dir='ltr'><strong>Mediol.</strong></span> <span class='ocrx_word' id='word_1_297' title='bbox 298 3710 465 3776; x_wconf 86' lang='lat' dir='ltr'><strong>Hispaniam</strong></span> <span class='ocrx_word' id='word_1_298' title='bbox 483 3709 714 3777; x_wconf 85' lang='lat' dir='ltr'><strong>Germaniamque</strong></span> <span class='ocrx_word' id='word_1_299' title='bbox 742 3727 804 3762; x_wconf 87' lang='lat' dir='ltr'><strong>cnm</strong></span> <span class='ocrx_word' id='word_1_300' title='bbox 829 3711 946 3762; x_wconf 77' lang='lat' dir='ltr'><strong>Bruuius</strong></span> <span class='ocrx_word' id='word_1_301' title='bbox 970 3712 1148 3764; x_wconf 84' lang='lat' dir='ltr'><strong>Germaniam</strong></span> <span class='ocrx_word' id='word_1_302' title='bbox 1174 3713 1289 3780; x_wconf 87' lang='lat' dir='ltr'><strong>quidem</strong></span> <span class='ocrx_word' id='word_1_303' title='bbox 1311 3729 1374 3765; x_wconf 87' lang='lat' dir='ltr'><strong>cum</strong></span> 
     </span>
     <span class='ocr_line' id='line_1_35' title="bbox 171 3776 1373 3846; baseline 0.005 -18"><span class='ocrx_word' id='word_1_304' title='bbox 171 3776 339 3832; x_wconf 77' lang='lat' dir='ltr'><strong>Sclwmurs.</strong></span> <span class='ocrx_word' id='word_1_305' title='bbox 355 3781 433 3844; x_wconf 83' lang='lat' dir='ltr'><strong>plura</strong></span> <span class='ocrx_word' id='word_1_306' title='bbox 450 3781 580 3830; x_wconf 64' lang='lat' dir='ltr'><strong>reddisse</strong></span> <span class='ocrx_word' id='word_1_307' title='bbox 596 3783 744 3846; x_wconf 80' lang='lat' dir='ltr'><strong>suspicatur</strong></span> <span class='ocrx_word' id='word_1_308' title='bbox 761 3782 919 3831; x_wconf 81' lang='lat' dir='ltr'><strong>Diereueraa</strong></span> <span class='ocrx_word' id='word_1_309' title='bbox 931 3780 1016 3832; x_wconf 82' lang='lat' dir='ltr'><strong>Beitr.</strong></span> <span class='ocrx_word' id='word_1_310' title='bbox 1036 3798 1059 3835; x_wconf 80' lang='lat' dir='ltr'><strong>z.</strong></span> <span class='ocrx_word' id='word_1_311' title='bbox 1078 3797 1101 3832; x_wconf 83' lang='lat' dir='ltr'><strong>e.</strong></span> <span class='ocrx_word' id='word_1_312' title='bbox 1125 3781 1187 3835; x_wconf 71' lang='lat' dir='ltr'><strong>brit.</strong></span> <span class='ocrx_word' id='word_1_313' title='bbox 1202 3782 1293 3834; x_wconf 72' lang='lat' dir='ltr'><strong>(leret.</strong></span> <span class='ocrx_word' id='word_1_314' title='bbox 1310 3783 1373 3833; x_wconf 81' lang='lat' dir='ltr'><strong>Trn-</strong></span> 
     </span>
     <span class='ocr_line' id='line_1_36' title="bbox 170 3847 1372 3918; baseline 0.006 -22"><span class='ocrx_word' id='word_1_315' title='bbox 170 3847 344 3911; x_wconf 72' lang='lat' dir='ltr'><strong>temp-193</strong></span> <span class='ocrx_word' id='word_1_316' title='bbox 413 3849 640 3899; x_wconf 74' lang='lat' dir='ltr'><strong>liuteriaeentis</strong></span> <span class='ocrx_word' id='word_1_317' title='bbox 659 3855 716 3898; x_wconf 90' lang='lat' dir='ltr'><strong>tum</strong></span> <span class='ocrx_word' id='word_1_318' title='bbox 731 3850 755 3898; x_wconf 99' lang='lat' dir='ltr'>A</span> <span class='ocrx_word' id='word_1_319' title='bbox 772 3849 971 3900; x_wconf 85' lang='lat' dir='ltr'><strong>interiacentes</strong></span> <span class='ocrx_word' id='word_1_320' title='bbox 989 3849 1042 3901; x_wconf 91' lang='lat' dir='ltr'><strong>soli</strong></span> <span class='ocrx_word' id='word_1_321' title='bbox 1059 3855 1117 3901; x_wconf 91' lang='lat' dir='ltr'><strong>tum</strong></span> <span class='ocrx_word' id='word_1_322' title='bbox 1134 3866 1152 3899; x_wconf 84' lang='lat' dir='ltr'><strong>a</strong></span> <span class='ocrx_word' id='word_1_323' title='bbox 1219 3852 1236 3903; x_wconf 83' lang='lat'>8</span> <span class='ocrx_word' id='word_1_324' title='bbox 1261 3867 1372 3918; x_wconf 86' lang='lat' dir='ltr'><strong>compa·</strong></span> 
     </span>
     <span class='ocr_line' id='line_1_37' title="bbox 170 3915 1375 3987; baseline 0.005 -23"><span class='ocrx_word' id='word_1_325' title='bbox 170 3920 267 3966; x_wconf 89' lang='lat' dir='ltr'><strong>rentur</strong></span> <span class='ocrx_word' id='word_1_326' title='bbox 283 3915 326 3966; x_wconf 86' lang='lat' dir='ltr'><strong>Ac</strong></span> <span class='ocrx_word' id='word_1_327' title='bbox 344 3922 572 3982; x_wconf 86' lang='lat' dir='ltr'><strong>compararentur</strong></span> <span class='ocrx_word' id='word_1_328' title='bbox 589 3917 632 3966; x_wconf 84' lang='lat' dir='ltr'><strong>Bd</strong></span> <span class='ocrx_word' id='word_1_329' title='bbox 733 3917 953 3984; x_wconf 88' lang='lat' dir='ltr'><strong>dirimunturque</strong></span> <span class='ocrx_word' id='word_1_330' title='bbox 970 3921 994 3969; x_wconf 99' lang='lat' dir='ltr'>A</span> <span class='ocrx_word' id='word_1_331' title='bbox 1081 3921 1113 3972; x_wconf 91' lang='grc'><strong>10</strong></span> <span class='ocrx_word' id='word_1_332' title='bbox 1131 3935 1241 3987; x_wconf 88' lang='lat' dir='ltr'><strong>raperes</strong></span> <span class='ocrx_word' id='word_1_333' title='bbox 1259 3935 1317 3972; x_wconf 91' lang='lat' dir='ltr'><strong>non</strong></span> <span class='ocrx_word' id='word_1_334' title='bbox 1333 3922 1375 3970; x_wconf 83' lang='lat' dir='ltr'><strong>Ao</strong></span> 
     </span>
     <span class='ocr_line' id='line_1_38' title="bbox 171 3983 1374 4053; baseline 0.004 -19"><span class='ocrx_word' id='word_1_335' title='bbox 171 3998 269 4050; x_wconf 89' lang='lat' dir='ltr'><strong>rapere</strong></span> <span class='ocrx_word' id='word_1_336' title='bbox 287 3983 337 4036; x_wconf 88' lang='lat' dir='ltr'><strong>sed</strong></span> <span class='ocrx_word' id='word_1_337' title='bbox 355 4000 410 4036; x_wconf 94' lang='lat' dir='ltr'><strong>non</strong></span> <span class='ocrx_word' id='word_1_338' title='bbox 426 3985 466 4036; x_wconf 88' lang='lat' dir='ltr'><strong>bd</strong></span> <span class='ocrx_word' id='word_1_339' title='bbox 483 4001 597 4051; x_wconf 89' lang='lat' dir='ltr'><strong>raperes</strong></span> <span class='ocrx_word' id='word_1_340' title='bbox 615 3985 738 4037; x_wconf 92' lang='lat' dir='ltr'><strong>sednon</strong></span> <span class='ocrx_word' id='word_1_341' title='bbox 756 3987 772 4050; x_wconf 92' lang='grc' dir='ltr'>β</span> <span class='ocrx_word' id='word_1_342' title='bbox 790 4002 845 4036; x_wconf 93' lang='lat' dir='ltr'><strong>non</strong></span> <span class='ocrx_word' id='word_1_343' title='bbox 862 3985 923 4052; x_wconf 87' lang='lat' dir='ltr'><strong>(om.</strong></span> <span class='ocrx_word' id='word_1_344' title='bbox 943 3987 1068 4053; x_wconf 89' lang='lat' dir='ltr'><strong>raperes)</strong></span> <span class='ocrx_word' id='word_1_345' title='bbox 1087 4005 1104 4038; x_wconf 85' lang='lat' dir='ltr'><strong>a</strong></span> <span class='ocrx_word' id='word_1_346' title='bbox 1185 3993 1215 4040; x_wconf 87' lang='lat'><strong>11</strong></span> <span class='ocrx_word' id='word_1_347' title='bbox 1234 3989 1282 4040; x_wconf 89' lang='lat' dir='ltr'><strong>hic</strong></span> <span class='ocrx_word' id='word_1_348' title='bbox 1294 4004 1374 4043; x_wconf 77' lang='lat' dir='ltr'><strong>om.c</strong></span> 
     </span>
    </p>

    <p class='ocr_par' dir='ltr' id='par_1_6' title="bbox 170 4054 1373 4255">
     <span class='ocr_line' id='line_1_39' title="bbox 240 4054 1373 4122; baseline 0.004 -18"><span class='ocrx_word' id='word_1_349' title='bbox 240 4059 268 4105; x_wconf 86' lang='lat' dir='ltr'><strong>et</strong></span> <span class='ocrx_word' id='word_1_350' title='bbox 285 4069 346 4105; x_wconf 89' lang='lat' dir='ltr'><strong>cum</strong></span> <span class='ocrx_word' id='word_1_351' title='bbox 364 4054 588 4120; x_wconf 82' lang='lat' dir='ltr'><strong>subsequebatur</strong></span> <span class='ocrx_word' id='word_1_352' title='bbox 604 4055 668 4106; x_wconf 84' lang='lat' dir='ltr'><strong>Bcd</strong></span> <span class='ocrx_word' id='word_1_353' title='bbox 694 4061 724 4106; x_wconf 90' lang='lat' dir='ltr'><strong>et</strong></span> <span class='ocrx_word' id='word_1_354' title='bbox 746 4063 841 4106; x_wconf 88' lang='lat' dir='ltr'><strong>tamen</strong></span> <span class='ocrx_word' id='word_1_355' title='bbox 859 4056 1119 4122; x_wconf 88' lang='lat' dir='ltr'><strong>subsequebaturA</strong></span> <span class='ocrx_word' id='word_1_356' title='bbox 1146 4065 1254 4110; x_wconf 89' lang='lat' dir='ltr'><strong>etcum</strong></span> <span class='ocrx_word' id='word_1_357' title='bbox 1274 4059 1373 4110; x_wconf 88' lang='lat' dir='ltr'><strong>ceteris</strong></span> 
     </span>
     <span class='ocr_line' id='line_1_40' title="bbox 170 4121 1323 4189; baseline 0.003 -17"><span class='ocrx_word' id='word_1_358' title='bbox 170 4121 393 4189; x_wconf 86' lang='lat' dir='ltr'><strong>subsequebatur</strong></span> <span class='ocrx_word' id='word_1_359' title='bbox 411 4135 435 4179; x_wconf 90' lang='grc' dir='ltr'><strong>ς.</strong></span> <span class='ocrx_word' id='word_1_360' title='bbox 453 4123 569 4186; x_wconf 78' lang='lat' dir='ltr'><strong>sortasse</strong></span> <span class='ocrx_word' id='word_1_361' title='bbox 588 4130 616 4175; x_wconf 89' lang='lat' dir='ltr'><strong>et</strong></span> <span class='ocrx_word' id='word_1_362' title='bbox 634 4130 824 4175; x_wconf 88' lang='lat' dir='ltr'><strong>oruamentum</strong></span> <span class='ocrx_word' id='word_1_363' title='bbox 842 4125 1065 4189; x_wconf 83' lang='lat' dir='ltr'><strong>subsequebatur</strong></span> <span class='ocrx_word' id='word_1_364' title='bbox 1135 4130 1167 4179; x_wconf 80' lang='lat' dir='ltr'><strong>l‘t</strong></span> <span class='ocrx_word' id='word_1_365' title='bbox 1184 4134 1216 4178; x_wconf 90' lang='lat' dir='ltr'><strong>ut</strong></span> <span class='ocrx_word' id='word_1_366' title='bbox 1232 4143 1282 4178; x_wconf 76' lang='lat' dir='ltr'><strong>on.</strong></span> <span class='ocrx_word' id='word_1_367' title='bbox 1299 4128 1323 4176; x_wconf 99' lang='lat' dir='ltr'>A</span> 
     </span>
     <span class='ocr_line' id='line_1_41' title="bbox 172 4191 1373 4255; baseline 0.003 -14"><span class='ocrx_word' id='word_1_368' title='bbox 172 4194 204 4241; x_wconf 71' lang='lat'><strong>14</strong></span> <span class='ocrx_word' id='word_1_369' title='bbox 222 4192 304 4241; x_wconf 91' lang='lat' dir='ltr'><strong>mirer</strong></span> <span class='ocrx_word' id='word_1_370' title='bbox 319 4191 397 4248; x_wconf 71' lang='lat' dir='ltr'><strong>A²d5</strong></span> <span class='ocrx_word' id='word_1_371' title='bbox 414 4192 498 4243; x_wconf 90' lang='lat' dir='ltr'><strong>miser</strong></span> <span class='ocrx_word' id='word_1_372' title='bbox 515 4209 584 4245; x_wconf 83' lang='lat' dir='ltr'><strong>corr.</strong></span> <span class='ocrx_word' id='word_1_373' title='bbox 603 4196 636 4244; x_wconf 84' lang='lat' dir='ltr'><strong>al.</strong></span> <span class='ocrx_word' id='word_1_374' title='bbox 655 4211 721 4244; x_wconf 86' lang='lat' dir='ltr'><strong>mon.</strong></span> <span class='ocrx_word' id='word_1_375' title='bbox 741 4194 824 4243; x_wconf 88' lang='lat' dir='ltr'><strong>mirer</strong></span> <span class='ocrx_word' id='word_1_376' title='bbox 843 4194 858 4255; x_wconf 91' lang='grc' dir='ltr'><strong>β</strong></span> <span class='ocrx_word' id='word_1_377' title='bbox 876 4196 960 4244; x_wconf 89' lang='lat' dir='ltr'><strong>miser</strong></span> <span class='ocrx_word' id='word_1_378' title='bbox 977 4197 1012 4244; x_wconf 91' lang='lat' dir='ltr'><strong>bo</strong></span> <span class='ocrx_word' id='word_1_379' title='bbox 1031 4196 1147 4247; x_wconf 89' lang='lat' dir='ltr'><strong>miserar</strong></span> <span class='ocrx_word' id='word_1_380' title='bbox 1165 4213 1182 4246; x_wconf 84' lang='lat' dir='ltr'><strong>a</strong></span> <span class='ocrx_word' id='word_1_381' title='bbox 1198 4195 1335 4246; x_wconf 87' lang='lat' dir='ltr'><strong>miserear</strong></span> <span class='ocrx_word' id='word_1_382' title='bbox 1352 4197 1373 4245; x_wconf 96' lang='lat' dir='ltr'>A</span> 
     </span>
    </p>

    <p class='ocr_par' dir='ltr' id='par_1_7' title="bbox 168 4261 1373 4538">
     <span class='ocr_line' id='line_1_42' title="bbox 239 4261 1373 4332; baseline 0.004 -22"><span class='ocrx_word' id='word_1_383' title='bbox 239 4264 271 4313; x_wconf 80' lang='lat'><strong>15</strong></span> <span class='ocrx_word' id='word_1_384' title='bbox 289 4277 344 4312; x_wconf 93' lang='lat' dir='ltr'><strong>non</strong></span> <span class='ocrx_word' id='word_1_385' title='bbox 362 4275 443 4316; x_wconf 71' lang='lat' dir='ltr'><strong>oran</strong></span> <span class='ocrx_word' id='word_1_386' title='bbox 530 4263 561 4311; x_wconf 86' lang='grc'><strong>16</strong></span> <span class='ocrx_word' id='word_1_387' title='bbox 579 4262 616 4312; x_wconf 89' lang='lat' dir='ltr'><strong>ad</strong></span> <span class='ocrx_word' id='word_1_388' title='bbox 633 4261 792 4329; x_wconf 89' lang='lat' dir='ltr'><strong>hispaniam</strong></span> <span class='ocrx_word' id='word_1_389' title='bbox 808 4263 832 4311; x_wconf 99' lang='lat' dir='ltr'>A</span> <span class='ocrx_word' id='word_1_390' title='bbox 918 4266 950 4314; x_wconf 81' lang='grc'><strong>21</strong></span> <span class='ocrx_word' id='word_1_391' title='bbox 969 4264 1280 4332; x_wconf 80' lang='lat' dir='ltr'><strong>indefessusqueBaed</strong></span> <span class='ocrx_word' id='word_1_392' title='bbox 1296 4263 1373 4315; x_wconf 88' lang='lat' dir='ltr'><strong>inde·</strong></span> 
     </span>
     <span class='ocr_line' id='line_1_43' title="bbox 172 4329 1307 4400; baseline 0.004 -22"><span class='ocrx_word' id='word_1_393' title='bbox 172 4329 320 4396; x_wconf 80' lang='lat' dir='ltr'><strong>sensusque</strong></span> <span class='ocrx_word' id='word_1_394' title='bbox 338 4332 362 4380; x_wconf 99' lang='lat' dir='ltr'>A</span> <span class='ocrx_word' id='word_1_395' title='bbox 420 4346 505 4396; x_wconf 89' lang='lat' dir='ltr'><strong>supra</strong></span> <span class='ocrx_word' id='word_1_396' title='bbox 524 4329 629 4382; x_wconf 81' lang='lat' dir='ltr'><strong>aliasn</strong></span> <span class='ocrx_word' id='word_1_397' title='bbox 699 4334 732 4383; x_wconf 81' lang='grc'><strong>22</strong></span> <span class='ocrx_word' id='word_1_398' title='bbox 750 4332 851 4383; x_wconf 88' lang='lat' dir='ltr'><strong>itinere</strong></span> <span class='ocrx_word' id='word_1_399' title='bbox 871 4329 933 4400; x_wconf 89' lang='lat' dir='ltr'><strong>illo]</strong></span> <span class='ocrx_word' id='word_1_400' title='bbox 954 4349 1063 4385; x_wconf 88' lang='lat' dir='ltr'><strong>munere</strong></span> <span class='ocrx_word' id='word_1_401' title='bbox 1084 4333 1140 4385; x_wconf 90' lang='lat' dir='ltr'><strong>alio</strong></span> <span class='ocrx_word' id='word_1_402' title='bbox 1158 4334 1307 4386; x_wconf 70' lang='lat' dir='ltr'><strong>Coronaeus</strong></span> 
     </span>
     <span class='ocr_line' id='line_1_44' title="bbox 169 4401 1372 4467; baseline 0.007 -20"><span class='ocrx_word' id='word_1_403' title='bbox 169 4413 236 4449; x_wconf 84' lang='lat' dir='ltr'><strong>vero</strong></span> <span class='ocrx_word' id='word_1_404' title='bbox 254 4416 301 4449; x_wconf 84' lang='lat' dir='ltr'><strong>om.</strong></span> <span class='ocrx_word' id='word_1_405' title='bbox 321 4414 335 4449; x_wconf 83' lang='lat' dir='ltr'><strong>a</strong></span> <span class='ocrx_word' id='word_1_406' title='bbox 415 4402 449 4450; x_wconf 74' lang='grc'><strong>24</strong></span> <span class='ocrx_word' id='word_1_407' title='bbox 466 4401 522 4449; x_wconf 90' lang='lat' dir='ltr'><strong>iam</strong></span> <span class='ocrx_word' id='word_1_408' title='bbox 540 4406 598 4450; x_wconf 92' lang='lat' dir='ltr'><strong>tum</strong></span> <span class='ocrx_word' id='word_1_409' title='bbox 616 4406 795 4466; x_wconf 90' lang='lat' dir='ltr'><strong>premonente</strong></span> <span class='ocrx_word' id='word_1_410' title='bbox 814 4406 877 4450; x_wconf 82' lang='lat' dir='ltr'><strong>uto</strong></span> <span class='ocrx_word' id='word_1_411' title='bbox 964 4405 1174 4467; x_wconf 87' lang='lat' dir='ltr'><strong>praemuniente</strong></span> <span class='ocrx_word' id='word_1_412' title='bbox 1191 4406 1232 4453; x_wconf 83' lang='lat' dir='ltr'><strong>aet</strong></span> <span class='ocrx_word' id='word_1_413' title='bbox 1249 4417 1372 4466; x_wconf 87' lang='lat' dir='ltr'><strong>praemo-</strong></span> 
     </span>
     <span class='ocr_line' id='line_1_45' title="bbox 168 4465 1373 4538; baseline 0.006 -22"><span class='ocrx_word' id='word_1_414' title='bbox 168 4465 256 4518; x_wconf 88' lang='lat' dir='ltr'><strong>lieute</strong></span> <span class='ocrx_word' id='word_1_415' title='bbox 274 4469 380 4533; x_wconf 76' lang='lat' dir='ltr'><strong>Lipsius</strong></span> <span class='ocrx_word' id='word_1_416' title='bbox 448 4470 482 4519; x_wconf 84' lang='grc'><strong>25</strong></span> <span class='ocrx_word' id='word_1_417' title='bbox 501 4471 677 4535; x_wconf 83' lang='lat' dir='ltr'><strong>prospexisse</strong></span> <span class='ocrx_word' id='word_1_418' title='bbox 694 4471 736 4520; x_wconf 83' lang='lat' dir='ltr'><strong>Bd</strong></span> <span class='ocrx_word' id='word_1_419' title='bbox 753 4471 922 4537; x_wconf 85' lang='lat' dir='ltr'><strong>prospexisti</strong></span> <span class='ocrx_word' id='word_1_420' title='bbox 938 4472 961 4520; x_wconf 97' lang='lat' dir='ltr'>A</span> <span class='ocrx_word' id='word_1_421' title='bbox 978 4473 1122 4538; x_wconf 85' lang='lat' dir='ltr'><strong>prospexti</strong></span> <span class='ocrx_word' id='word_1_422' title='bbox 1140 4486 1155 4521; x_wconf 82' lang='lat' dir='ltr'><strong>o</strong></span> <span class='ocrx_word' id='word_1_423' title='bbox 1223 4473 1257 4522; x_wconf 84' lang='grc'><strong>26</strong></span> <span class='ocrx_word' id='word_1_424' title='bbox 1275 4473 1373 4523; x_wconf 71' lang='lat' dir='ltr'><strong>transi</strong></span> 
     </span>
    </p>

    <p class='ocr_par' dir='ltr' id='par_1_8' title="bbox 111 4535 1372 4671">
     <span class='ocr_line' id='line_1_46' title="bbox 127 4535 1372 4593; baseline 0.006 -8"><span class='ocrx_word' id='word_1_425' title='bbox 127 4535 131 4541; x_wconf 90' lang='lat'>&#39;</span> <span class='ocrx_word' id='word_1_426' title='bbox 166 4536 237 4586; x_wconf 85' lang='lat' dir='ltr'><strong>lisse</strong></span> <span class='ocrx_word' id='word_1_427' title='bbox 255 4538 414 4590; x_wconf 79' lang='lat' dir='ltr'><strong>Amtzenias</strong></span> <span class='ocrx_word' id='word_1_428' title='bbox 432 4539 567 4589; x_wconf 89' lang='lat' dir='ltr'><strong>transisse</strong></span> <span class='ocrx_word' id='word_1_429' title='bbox 583 4539 674 4589; x_wconf 77' lang='lat' dir='ltr'><strong>aneu</strong></span> <span class='ocrx_word' id='word_1_430' title='bbox 759 4539 1062 4593; x_wconf 69' lang='lat' dir='ltr'><strong>‘cremonensem</strong></span> <span class='ocrx_word' id='word_1_431' title='bbox 1079 4543 1103 4591; x_wconf 99' lang='lat' dir='ltr'>A</span> <span class='ocrx_word' id='word_1_432' title='bbox 1121 4556 1183 4592; x_wconf 87' lang='lat' dir='ltr'><strong>esse</strong></span> <span class='ocrx_word' id='word_1_433' title='bbox 1203 4541 1302 4592; x_wconf 81' lang='lat' dir='ltr'><strong>statim</strong></span> <span class='ocrx_word' id='word_1_434' title='bbox 1320 4541 1372 4593; x_wconf 86' lang='lat' dir='ltr'><strong>dux</strong></span> 
     </span>
     <span class='ocr_line' id='line_1_47' title="bbox 111 4605 846 4671; baseline 0.003 -15"><span class='ocrx_word' id='word_1_435' title='bbox 111 4661 117 4671; x_wconf 54' lang='grc'><em>,</em></span> <span class='ocrx_word' id='word_1_436' title='bbox 155 4605 204 4662; x_wconf 74' lang='grc' dir='ltr'><strong>Βς</strong></span> <span class='ocrx_word' id='word_1_437' title='bbox 221 4622 286 4660; x_wconf 84' lang='lat' dir='ltr'><strong>esse</strong></span> <span class='ocrx_word' id='word_1_438' title='bbox 306 4608 363 4662; x_wconf 84' lang='lat' dir='ltr'><strong>dux</strong></span> <span class='ocrx_word' id='word_1_439' title='bbox 381 4609 482 4664; x_wconf 87' lang='lat' dir='ltr'><strong>statim</strong></span> <span class='ocrx_word' id='word_1_440' title='bbox 498 4608 559 4661; x_wconf 84' lang='lat' dir='ltr'><strong>aod</strong></span> <span class='ocrx_word' id='word_1_441' title='bbox 625 4607 846 4663; x_wconf 70' lang='lat' dir='ltr'><strong>habersuam</strong></span> 
     </span>
    </p>
   </div>
   <div class='ocr_carea' id='block_1_5' title="bbox 0 0 1472 4966">
    <p class='ocr_par' dir='ltr' id='par_1_9' title="bbox 0 0 1472 4966">
     <span class='ocr_line' id='line_1_48' title="bbox 0 0 1472 4966; baseline 0 2"><span class='ocrx_word' id='word_1_442' title='bbox 0 0 1472 4966; x_wconf 95' lang='lat' dir='ltr'><strong> </strong></span> 
     </span>
    </p>
   </div>
  </div>
 </body>
</html>
